2778 4844
254 255 305 332 IN
325 255 562 358 AESCHYLl
583 255 1002 338 AGAMEMNONEM.
1109 265 1178 352 tls

69 425 205 542 plorum
228 448 358 540 copiam
381 449 572 520 exhiberent
598 473 639 520 ex
662 415 814 521 omnibns
841 455 1026 545 prorniscue
1046 459 1178 552 scripto

67 554 164 620 ribus
181 551 377 636 collectum,
410 579 450 622 ex
473 577 560 646 qno,
568 579 605 622 ca
628 555 719 623 tonte
748 558 913 625 eonnnuni
942 558 1085 649 profecta
1113 565 1180 629 siut

66 681 138 723 non
166 671 384 749 exponentes.¹
427 658 542 748 Neque
569 658 805 738 bernhardus,
836 663 867 728 in
898 662 1015 729 ceteris
1041 663 1179 732 fortasse

66 761 164 828 solus
189 773 308 829 rectam
338 761 560 854 explicationis
586 762 1179 854 1111111111-1111111111111111,ει111

45 929 47 940 ,
66 865 182 931 dicere
200 865 284 947 licet,
299 865 384 932 viam
401 866 566 955 ingressus
586 865 753 936 meliorem
766 867 839 935 iniit
848 868 933 935 viam
957 868 1025 952 (1.1.
1040 895 1071 961 p.
1089 871 1176 954 111),

64 991 180 1058 neque
202 993 292 1050 earn,
322 991 421 1060 quarn
450 969 540 1050 iniit,
570 969 610 1035 ad
637 970 737 1038 linem
764 995 870 1060 usque
898 984 1088 1062 persecutus
1114 985 1176 1042 est.

64 1069 142 1138 Huc
164 1075 330 1163 pertinent
352 1073 451 1140 etiarn
472 1073 549 1139 Eur.
572 1073 640 1140 lon.
666 1075 740 1142 586.
768 1075 878 1136 τοῦτο
898 1065 988 1158 κᾶμ’
1013 1065 1096 1152 ἔχει
1117 1071 1174 1140 red·

65 1189 147 1250 ‘soe'
171 1177 228 1260 al,
267 1177 332 1243 bue
359 1177 433 1244 lost.
463 1177 544 1242 adeo
571 1175 647 1242 Eur.
670 1176 768 1267 Hipp.
793 1178 888 1244 1175.
921 1197 1035 1261 συμπ.
1063 1189 1175 1260 βασι-

64 1273 190 1356 tulba
204 1273 299 1363 rande
313 1313 357 1328 -r-
369 1281 489 1344 τῶνδε
509 1272 610 1362 μόνα
631 1271 834 1362 κρατύνεις
852 1281 890 1349 al.
913 1281 1175 1350 01111011110811.

66 1381 176 1446 adA.
200 1383 291 1472 Sept.
315 1403 343 1448 e.
364 1380 429 1448 ‘l'.lr
452 1407 482 1449 v.
505 1383 576 1463 31,
599 1380 663 1448 bue
686 1384 825 1474 denique
848 1385 1021 1450 latinorum
1042 1383 1176 1452 Terent.

65 1483 214 1574 Adelph
232 1484 288 1550 lV.
314 1485 344 1551 1
367 1487 398 1553 9.
421 1485 460 1550 id
479 1509 564 1552 errius
585 1484 669 1551 anibi
689 1485 851 1554 iraedicium
863 1487 971 1592 fecit,
994 1485 1035 1552 al.
1058 1497 1133 1554 not.¹
1143 1511 1175 1553 n.

64 1611 167 1679 supra
193 1589 231 1654 all
255 1612 285 1654 v.
312 1589 385 1654 103.

140 1715 189 1765 v
216 1693 288 1759 185.
333 1686 403 1770 Βίᾳ
423 1688 648 1769 χαλιυῶντ’
664 1725 722 1754 -.
768 1691 876 1782 Vulgo
897 1691 987 1760 baec
1012 1705 1174 1762 commate

43 1805 141 1885 ¹pus't
165 1787 261 1868 οἴκοις
286 1794 392 1884 posito
415 1818 488 1862 cum
507 1795 772 1864 antecedentibus
789 1796 907 1866 arctius
923 1801 1173 1888 conjunguntur,

66 1898 171 1988 quod,
209 1921 405 1990 quamquam
436 1901 544 1965 omnia
573 1900 655 1968 baec
686 1899 842 1966 continuo
870 1923 906 1966 se
935 1902 1173 1988 excipientibus

65 2003 296 2069 elroreutnruru
326 2002 601 2070 vicissitudinibus
629 2011 755 2070 cantata
784 2012 875 2084 sunt,
909 2013 1046 2094 propter
1068 2027 1173 2072 nuvae

66 2105 220 2196 strophae
248 2107 378 2172 initium
408 2105 486 2172 duni
515 2104 548 2170 in
573 2107 669 2172 colon
692 2105 883 2173 mutandum
908 2111 996 2187 es'se,
1025 2107 1119 2193 utS.
1142 2131 1171 2176 c.

65 2207 126 2274 111.
151 2211 227 2277 711.
252 2234 321 2300 sqq.
351 2209 459 2298 (vulg.
481 2233 512 2276 v.
535 2211 611 2278 851.
636 2204 745 2296 incid)
774 2220 808 2277 el
829 2207 917 2274 olibi.
962 2208 1013 2275 (il.
1041 2210 1115 2276 inlr.
1138 2231 1170 2278 n.

66 2312 103 2376 ad
126 2335 158 2378 v.
186 2313 280 2380 1167.
325 2313 530 2402 Quamquam
552 2313 634 2379 nibil
660 2315 766 2381 refert.
811 2311 919 2378 Etiam
943 2335 1096 2380 versuum
1119 2313 1171 2380 de.

65 2415 278 2506 scriptionem
312 2415 476 2530 vulgatanr
509 2416 667 2482 mendoso
700 2414 765 2484 boc
797 2414 871 2482 loco
907 2423 1032 2481 mutare
1069 2415 1171 2482 nolui.

66 2516 184 2584 lrlerto
211 2517 345 2582 Coacta
369 2526 403 2580 et
423 2514 460 2581 ui
482 2525 516 2580 et
537 2527 663 2581 mutum
678 2517 840 2582 reddente
852 2515 1035 2604 frenorum
1051 2517 1173 2584 rodone

59 2642 198 2707 purwpur
199 2641 242 2684 ea
259 2617 459 2685 vestimenta
475 2615 512 2682 io
529 2627 658 2684 terrum
670 2640 716 2707 pr
716 2617 885 2705 ascendens
900 2618 952 2680 ud
964 2636 1174 2706 rmnmqnem·

63 2743 131 2810 qne
166 2717 440 2812 sucrescentibus
474 2718 567 2786 misit
599 2719 646 2787 ab
679 2742 739 2787 ore
772 2717 1029 2786 misericordiae
1060 2721 1173 2799 tellam,

64 2826 324 2914 spectandaque
345 2835 382 2890 ut
404 2818 440 2888 in
463 2823 592 2890 rabidis
614 2861 671 2888 -.
717 2816 884 2886 Xe'ovua.
916 2822 974 2890 sic
999 2819 1173 2900 κατέχεαν

65 2924 181 2990 πέπλου
204 2965 246 2978 --
269 2927 365 2994 Hom.
390 2925 426 2990 ll.
453 2924 492 2991 V.
516 2927 590 2994 731.
613 2961 657 2980 -
686 2927 779 3011 Quae
801 2937 982 3016 sequuntur
1002 2951 1104 3018 quum
1128 2927 1170 2995 la-

66 3051 184 3096 cunosa
209 3055 282 3099 esse
306 3030 507 3122 antistropha
529 3031 644 3098 doceat
665 3023 745 3113 (nisi
767 3030 887 3096 rectius
910 3029 955 3097 ibi
969 3032 1066 3098 rerba
1082 3031 1169 3121 vulg.
1202 3053 1206 3058 ·

67 3127 194 3196 1111-
218 3125 345 3209 ἔκλυσις
374 3135 600 3202 existimantur
628 3133 842 3256 interpolata)
869 3132 947 3222 qnid
977 3133 1039 3200 sibi
1067 3134 1171 3200 velint

68 3258 158 3324 aegre
173 3238 304 3307 dixeris.
344 3238 502 3306 Cantasse
520 3237 719 3360 lpbigeniam
741 3226 907 3318 (ἒζιιελψεν)
929 3257 1028 3324 saepe
1043 3235 1077 3299 in
1094 3259 1169 3302 eon-

69 3339 157 3408 riviis
179 3342 298 3433 patris,
331 3341 395 3407 nisi
417 3363 482 3407 vox
502 3329 720 3422 sperdnnovdou
740 3359 802 3403 nus
816 3341 973 3400 'rnoneret
994 3335 1093 3400 moris
1116 3357 1170 3402 on-

69 3440 153 3531 tiqui,
177 3467 246 3536 quo
270 3445 304 3510 in
327 3444 421 3511 tertia
444 3442 602 3508 libatione
625 3440 742 3530 aliquis
759 3461 882 3529 paeane
901 3459 1016 3505 canere
1032 3438 1168 3520 solebat,

69 3563 125 3613 nee
145 3559 405 3616 consentaneum
427 3555 599 3614 essetnec
620 3543 690 3610 bl.
714 3543 791 3609 satis
814 3541 949 3630 dignum
972 3565 1168 3612 commento-

69 3658 143 3716 ratu.
194 3653 390 3743 Comparate
418 3650 552 3741 quidem
586 3647 667 3716 boec
695 3645 882 3739 Iphigeniae
915 3646 1058 3713 conditio
1092 3671 1168 3716 curn

70 3749 169 3836 priore
192 3759 265 3846 ejus
288 3765 321 3822 et
337 3777 411 3822 eum
424 3755 545 3844 pictae
559 3753 692 3844 virginis
708 3752 793 3818 baud
810 3748 976 3842 displicet3
1000 3762 1032 3816 at
1046 3775 1167 3820 nexus:

72 3851 245 3926 allocutura'
270 3859 410 3948 quidem¹
429 3858 598 3925 videbatur
619 3879 700 3924 voce
731 3877 813 3945 quos
842 3853 982 3944 epatris
1009 3855 1167 3922 conviviis

72 3960 210 4044 cognitos
233 3960 346 4030 babuit
360 3982 493 4051 graecos
507 3959 708 4040 sacerdotes3
731 3968 764 4023 ot
779 3956 936 4024 taciturna
960 3954 1065 4042 (olympi
1079 3953 1168 4034 αὐδᾷ

73 4060 234 4133 =lavens
257 4066 383 4154 lingua)
412 4088 429 4129 a
453 4074 544 4154 patre
567 4063 729 4128 decretam
757 4060 818 4127 sibi
847 4071 969 4126 sortem
992 4057 1095 4124 amice
1118 4065 1168 4126 est

75 4164 230 4252 amplexat
270 4161 493 4250 Tprrdorroudoe
514 4155 664 4248 εὔποτμος
679 4155 772 4242 uicis,
793 4163 873 4230 felix
888 4175 958 4230 so'rs
982 4163 1076 4241 (num
1093 4160 1167 4228 ideo

76 4268 160 4348 quod
176 4269 302 4338 Dianae
324 4280 412 4359 gratu
435 4293 591 4369 sacraqpe
615 4291 747 4336 evasura
772 4269 882 4349 erati)
907 4263 1021 4330 tertiae
1041 4262 1167 4330 libatio-
