2778 4844
207 225 277 311 ua
516 183 962 307 ‘commeaturus

209 421 273 504 ais,
289 417 343 492 vel
358 416 504 502 inseriae,
528 419 704 512 quorsum?
748 412 839 498 ttae
852 406 967 498 πατρὸς
980 409 1084 498 φίλου,
1099 433 1212 482 nonne
1229 423 1320 482 esset

205 529 303 618 jussu
326 523 466 614 patris?
502 516 593 608 ἁγνὰ
618 513 813 605 ἀταύρωτος,
842 542 952 586 nonne
981 517 1146 585 Artemis?
1197 517 1322 586 lllelius

212 630 311 718 igitur
332 628 396 696 sic:
433 663 475 676 -
497 648 583 716 praue
609 625 787 694 contundo
816 623 852 690 in
877 621 1042 690 conuiuiis
1066 621 1183 712 petris
1212 645 1321 712 saepe

213 731 426 806 delectaret,
462 729 541 796 dum
568 721 666 820 virgo
689 750 780 818 prere
816 748 899 797 occe
924 725 1124 796 celebrabat
1150 725 1321 812 genitoris

214 857 335 906 aevum
348 831 600 924 felicissimum,
623 833 703 900 dum
723 831 827 899 tertio
841 827 961 920 fiebat
977 828 1108 898 libatio.
1147 827 1191 894 Et
1207 827 1322 896 laudat

214 936 329 1005 Elmsl.
357 946 577 1025 comparatam
604 935 635 1002 h.
657 935 680 1000 l.
708 944 913 1026 praesentem
944 932 1130 1024 Iphigeniae
1161 934 1320 1000 conditio-

214 1063 291 1110 nem
315 1037 535 1130 cumprime,
564 1062 630 1129 quo
657 1037 758 1130 patris
778 1037 884 1104 vitam
906 1035 998 1124 uirgo
1026 1036 1107 1103 mire
1137 1034 1319 1104 honorabat

217 1155 314 1234 atque
338 1141 537 1210 exhilarabat
560 1137 728 1228 (r'ra'pu),
750 1152 784 1208 et
804 1149 892 1208 recte
914 1138 1000 1206 idem
1022 1139 1180 1230 temporis
1204 1141 1319 1230 imper-

216 1248 293 1318 lecti
315 1247 383 1316 vim
405 1269 480 1312 cum
502 1245 599 1335 hrrjus
621 1243 847 1335 descriptionis
861 1243 999 1311 consilio
1022 1255 1055 1310 et
1072 1255 1139 1310 arte
1156 1247 1318 1312 conciliat.

218 1349 357 1420 Bothius
379 1349 544 1430 similiter,
572 1350 635 1418 nisi
657 1348 745 1439 quod
773 1358 806 1412 et
829 1347 871 1412 ob
894 1369 1028 1413 sensum
1057 1359 1090 1413 et
1112 1348 1153 1412 ob
1180 1360 1317 1414 metrum

218 1446 378 1538 εὐπότμων
406 1455 543 1545 scripsit.
595 1452 745 1542 Denique
773 1446 814 1524 ὡς
842 1447 877 1512 ἐν
903 1453 1044 1534 γραφαῖς
1075 1460 1184 1542 potest
1215 1463 1251 1517 ut
1286 1451 1320 1512 e'o

219 1553 359 1644 ppdrpnre
381 1558 456 1624 Eur.
481 1556 627 1626 Poeniss.
654 1559 724 1622 tto.
746 1560 811 1636 (=
829 1553 1012 1633 „idealisch
1035 1553 1165 1635 sclriin,’'
1189 1565 1227 1621 ut
1247 1579 1317 1637 nos,

218 1659 514 1748 „wic-gemalt''),
545 1683 610 1726 non
634 1659 674 1723 de
697 1681 771 1725 vera
794 1658 919 1747 pictura
942 1667 979 1723 ut
999 1657 1073 1726 Eur.
1096 1657 1209 1724 Troas.
1234 1659 1318 1736 ὁδὶ,

217 1762 316 1852 Hipp.
344 1763 452 1838 1009.,
476 1783 673 1852 quamquam
695 1783 862 1848 nunrnegu
882 1759 1080 1850 Aeschylum
1102 1785 1200 1851 posse
1221 1763 1318 1852 respi-

218 1889 293 1934 cere
314 1865 365 1931 bis
388 1861 620 1954 pulcherrimas
651 1864 721 1930 illas
748 1865 891 1944 tabulas,
921 1865 1038 1952 quibus
1061 1865 1247 1932 Atridarum
1269 1889 1317 1932 res

219 1980 310 2038 erant
332 1968 532 2060 propositaea
566 1992 597 2035 v.
620 1967 660 2035 R.
682 1967 831 2037 llochctt.
858 1968 1004 2036 lllouum.
1033 1968 1119 2034 iued.
1150 1969 1272 2050 (Orest.
1293 1993 1316 2046 s.

219 2072 256 2138 P.
280 2073 358 2156 lh),
389 2073 542 2160 quicum
566 2071 666 2140 multa
690 2072 849 2161 ejusmodi
871 2072 982 2138 laudat
1011 2081 1044 2138 ct
1066 2069 1219 2156 illustrat,
1250 2084 1318 2140 tum

218 2174 303 2242 banc
324 2174 513 2264 Iphigeniae
535 2176 793 2243 immolationem
814 2177 948 2264 picturis
965 2176 1116 2244 celebrat.
1160 2177 1229 2245 Sed
1252 2182 1318 2266 ejus

218 2276 521 2369 interpretationem
544 2301 619 2346 cum
642 2277 794 2368 Aeschyli
817 2289 903 2346 certe
926 2278 1033 2346 verbis
1055 2302 1120 2344 non
1144 2303 1317 2370 congruere

219 2380 314 2448 facile
332 2380 546 2453 demonstrari
560 2393 676 2473 potest.
721 2384 924 2472 Agamemno
948 2394 981 2450 et
1002 2384 1121 2466 βραβῆς
1144 2394 1177 2450 et
1199 2385 1319 2475 lphige·

219 2483 273 2552 nia
296 2505 428 2575 prorsus
451 2483 530 2552 alias
552 2497 661 2577 partes
691 2499 791 2578 agunt
820 2512 870 2576 ap.
894 2487 1100 2577 Aeschylum.
1147 2487 1317 2556 Conferen-

220 2589 281 2656 dus
304 2586 373 2656 Cic.
397 2589 486 2657 Orat·
510 2589 563 2658 22.
609 2590 779 2660 Sedhaec
802 2594 842 2658 ab
865 2592 1022 2658 hocloco
1046 2590 1160 2657 aliena.
1202 2591 1315 2658 Bloml.

219 2689 261 2771 ὡς
284 2690 318 2756 ἐν
338 2698 479 2778 γραφαῖς
500 2695 621 2762 silentii
643 2707 793 2788 respectu
816 2697 923 2787 potius
946 2718 1043 2786 quam
1059 2696 1181 2774 lormae
1198 2696 1318 2762 dictum

219 2807 321 2888 putat.
366 2796 441 2864 Non
464 2797 559 2862 male.

234 2963 235 2968 ,
271 2943 275 2961 .
309 2895 345 2962 ln
369 2897 569 2986 antistropha
593 2917 622 2964 u.
648 2900 720 2966 199.
743 2899 898 2992 scripturi
922 2900 1064 2967 maxime
1087 2902 1203 2982 variat,
1230 2903 1320 2991 quod

220 2997 376 3064 indicium
400 3022 472 3066 csse
494 2999 580 3066 solet
595 3001 889 3090 interpolationurn.
929 3003 1135 3096 Quapropter
1158 3005 1268 3096 opiuio
1284 3007 1318 3071 iu

221 3101 328 3167 antist.
351 3101 547 3190 glossemata
569 3103 669 3168 latere
695 3105 744 3184 (in
768 3105 863 3172 Farn.
887 3129 950 3176 om.
973 3098 1007 3168 rb
1029 3101 1065 3169 dl
1087 3101 1265 3194 προκλῦειν)
1288 3119 1320 3175 et

220 3202 398 3270 Hermauui
421 3204 494 3271 lort.
518 3203 598 3271 ratio
621 3204 789 3272 scribentis
817 3200 851 3270 rb
878 3201 1042 3292 προκλύειν
1069 3208 1096 3274 δ’
1119 3202 1232 3290 ἤλωιν
1251 3235 1319 3296 προ·

221 3303 367 3392 χαιρέτω,
388 3309 417 3375 si
439 3308 571 3398 quidem
594 3332 635 3376 ex
658 3307 829 3398 strophicis
851 3323 945 3402 aptus
968 3335 1083 3382 sensus
1106 3315 1178 3381 elici
1202 3327 1319 3407 potest,

220 3432 295 3475 vera
310 3411 463 3500 putanda.
485 3411 582 3480 Both.
598 3404 632 3474 rb
645 3405 818 3496 spontino,
834 3403 963 3496 ἣλῦσις,
977 3414 1184 3500 προχαιρέτωε
1208 3443 1319 3510 „prae-

221 3512 303 3578 scire
326 3524 435 3580 autem
458 3539 541 3603 quae
558 3516 602 3582 sit
616 3516 746 3597 solutio,
770 3517 905 3587 valeto.’'
949 3521 1018 3588 Nos
1042 3519 1137 3586 aliam
1160 3521 1319 3590 rationem

219 3624 384 3682 tentantes
414 3639 454 3682 ex
483 3611 531 3679 aa
559 3641 585 3684 s.
614 3611 678 3679 ἐπεὶ
704 3634 888 3711 repetamus
917 3617 980 3686 ἐπεὶ
1008 3611 1047 3682 οὔ
1066 3642 1113 3678 πω
1141 3617 1210 3686 sive
1239 3619 1319 3712 εἴπερ

189 3707 336 3888 ‘oilupo
371 3717 529 3794 Similiter
543 3731 688 3789 versatus
711 3736 761 3792 est
777 3727 959 3792 Schiitzius·
992 3720 1108 3812 Etiam
1126 3727 1318 3811 epoxerpe'ro

220 3820 261 3886 du
287 3842 336 3886 rae
365 3831 416 3886 est
436 3823 679 3910 significationis
709 3841 740 3894 ct
770 3826 977 3896 auctoritatis.
1022 3822 1182 3913 Vulgatae
1210 3843 1317 3900 autem

112 3985 117 4002 .
219 3923 274 3990 hic
294 3945 425 3990 sensus:
448 3948 538 4016 φησι
559 3930 639 3996 inde
651 3929 770 4018 fucta,
791 3953 898 4017 neque
912 3927 986 3996 cidi
1006 3951 1113 4018 neque
1126 3931 1204 4000 dico
1226 3935 1270 4018 (h.
1288 3959 1315 4002 e.

219 4025 448 4100 mactationem
476 4030 580 4119 ipsam
608 4056 737 4101 narrare
768 4034 873 4118 nolo).
921 4031 1123 4100 Calchantis
1149 4038 1315 4114 vaticinia

218 4139 332 4196 autem
354 4130 452 4196 dated
470 4132 575 4198 irrita
597 4148 691 4216 sunt.-
719 4149 823 4225 atque
838 4141 918 4224 jure
929 4134 982 4227 fit
1008 4150 1046 4204 ut
1068 4140 1164 4206 urata
1183 4164 1314 4232 perpes·

218 4229 265 4296 sis
284 4234 432 4320 cognitio
454 4259 563 4302 rentem
576 4235 781 4326 suturarum
798 4240 985 4331 contingat,
1009 4243 1072 4320 vel,
1094 4242 1234 4310 Iustitia
1258 4269 1313 4334 op·
