2808 4850
224 220 293 298 tuu
566 211 977 294 COMMENTARIUS

225 413 423 484 concordem
451 414 488 480 iu
510 409 641 482 arram
661 409 758 479 illum
781 411 898 478 urittut
919 433 996 477 eum
1018 407 1172 478 exercitu
1196 408 1332 476 vindice

226 545 322 590 orueu
342 541 471 607 graue,
497 518 534 583 iu
562 517 763 584 Teuc-rorum
776 527 915 582 terram
941 537 1017 582 urm
1033 512 1226 603 juventutis
1250 513 1332 600 regi·

228 624 289 690 lrus
312 622 426 690 auium
448 644 556 710 reges,
578 620 789 707 ulteraigrr‚
811 617 903 685 ulter
919 642 942 683 u
958 631 1054 706 tergo
1069 617 1211 694 nitidus,
1236 639 1333 703 ᾳιιιιιιι

230 736 438 817 apparerent
457 747 566 811 prrape
587 723 763 790 doruleiliu
786 747 809 788 a
826 747 929 788 murm
944 724 1074 790 dextra
1095 721 1131 786 iu
1146 719 1334 788 illustr-ibae

230 827 482 917 eunapiruisque
509 825 594 893 lueis
620 839 789 895 vescentes
818 826 933 914 lepore
957 825 1128 914 grauida.
1161 847 1258 912 quere
1280 845 1333 889 es-

231 946 338 1002 trema
360 935 461 998 cruuu
483 925 764 1018 rlrfieienseapla
788 933 930 1013 erat(.).
976 928 1045 994 Fa:
1070 928 1162 1009 „lllir
1184 927 1278 995 steht
1299 951 1335 991 zu

232 1039 294 1104 cleu
319 1034 418 1102 dureh
441 1031 622 1121 gliicklielre
638 1033 779 1101 Zeiehen
803 1035 975 1122 geleiteten
993 1032 1178 1120 lleereszug
1201 1033 1263 1098 ‹ler
1284 1031 1333 1095 ub-

233 1139 417 1208 walteutleu
440 1136 618 1203 Herrseher
639 1163 680 1204 uu
704 1139 889 1226 besiugen.”
935 1135 1064 1202 Baua:
1086 1127 1150 1215 »ἔτι
1169 1171 1213 1188 -
1231 1125 1334 1209 πειθὼ,

232 1245 358 1330 μολπᾶν
378 1235 500 1320 ἀλκὰν,
533 1235 696 1324 σιἰμφυιος
717 1233 804 1305 uitia.
846 1236 928 1305 Aiuiu
953 1232 1116 1323 σύμφυτος
1137 1233 1216 1318 ὂδῖῳ
1237 1230 1335 1320 aprina

233 1343 369 1432 (αἰσίῳ),
390 1345 548 1434 signifieat
570 1355 699 1436 tempus
721 1346 797 1412 iude
820 1367 838 1410 a
861 1344 962 1412 missu
985 1344 1104 1424 omine,
1128 1345 1220 1432 quud
1244 1341 1333 1409 rietu-

234 1453 315 1520 riam
339 1450 562 1542 portenderat,
592 1447 749 1540 elapsum·
795 1448 925 1518 Fiducia
949 1461 1101 1514 cantuum
1126 1447 1229 1513 ruhur
1250 1465 1334 1510 vaea-

233 1555 322 1622 tur.”
367 1551 571 1620 Sententiam
594 1577 666 1619 eum
690 1552 822 1642 quidem
846 1553 956 1618 Herm.
980 1551 1103 1642 probat.
1149 1549 1247 1618 Alius
1269 1544 1333 1636 quis

234 1659 299 1724 sice
322 1649 463 1735 „eil-aare
486 1653 704 1722 'l'hatkralt
725 1663 850 1744 (appas.
867 1653 1018 1738 μολπᾶν),
1043 1654 1096 1720 die
1118 1653 1332 1720 ‹laslllauues-

236 1762 332 1840 alter,
355 1749 435 1820 ui'uu
455 1749 620 1839 σύμφυτος
647 1781 692 1824 sc.
715 1753 818 1837 ἀλκᾷ,
844 1757 987 1844 genshu.
1032 1758 1081 1826 Zu
1103 1751 1214 1822 ἀλκὰν
1234 1757 1274 1824 ist
1293 1746 1332 1816 δι’·

235 1867 313 1940 δωρι
336 1885 377 1928 uu
398 1855 565 1951 suppliren
588 1885 646 1930 aus
668 1855 869 1927 mrauvelal'

325 1981 428 2048 Versu
451 1979 556 2071 primu
579 1974 712 2045 αἴσιον
733 1985 889 2070 majorem
906 1982 1020 2049 ceteris
1036 1980 1100 2047 vim
1117 1963 1229 2066 liabet,
1254 1977 1332 2071 quul

236 2095 270 2152 et
293 2106 501 2151 numerorum
524 2083 605 2149 ratio
628 2085 780 2153 ostendit.
825 2086 875 2151 Cf.
894 2085 963 2151 Liv.
984 2083 1175 2163 11‚X121X2
1194 2105 1332 2174 percara

234 2203 292 2256 tur
312 2199 349 2254 ut
370 2186 458 2250 illud
478 2207 600 2272 agmen
613 2187 777 2275 seratum
799 2201 905 2274 atque
916 2189 1021 2278 felix
1042 2193 1182 2254 rrrr'ttaat
1205 2190 1250 2256 al.
1287 2185 1331 2252 Ob

236 2282 439 2368 ἐκτελέων,
468 2288 554 2376 quud
585 2289 640 2357 alii
668 2291 701 2357 in
731 2289 877 2356 ἐνιελέωιι
897 2293 1088 2359 mutandum
1118 2305 1271 2373 censent,
1298 2287 1331 2355 el.

235 2393 318 2460 iufra
342 2403 408 2458 nut.
433 2392 471 2456 ad
495 2415 523 2459 v.
544 2393 636 2461 1243.
682 2396 720 2461 lu
737 2395 873 2486 reliquis
889 2395 1030 2465 maxime
1046 2396 1259 2486 interpretem
1275 2413 1332 2460 mu

235 2507 349 2564 rantur
369 2496 527 2562 voeabula
549 2492 677 2564 allaim
698 2493 901 2585 σύμφυτος
922 2493 1034 2579 altitu,
1060 2523 1144 2589 quae
1168 2499 1250 2566 rullei
1272 2495 1331 2588 qui·

237 2602 311 2670 dem
349 2599 429 2682 (nisi
458 2601 542 2668 forte
570 2624 631 2669 vox
655 2599 819 2689 σύμφυτος
846 2616 884 2672 ut
909 2605 985 2670 alibi
1008 2597 1194 2686 σύντροφος,
1223 2595 1333 2676 amala

235 2699 383 2778 σύνδικος
415 2707 480 2788 (ex.
504 2729 550 2792 gr.
573 2698 718 2790 χρόνος),
745 2708 797 2774 vel
826 2721 862 2776 ut
889 2709 923 2774 S.
948 2708 1027 2775 Oea.
1059 2707 1096 2774 C.
1125 2709 1201 2774 942.
1236 2707 1332 2780 ¹130„

235 2808 324 2874 Reis.
350 2806 487 2872 Plriluet.
511 2809 603 2882 auu,
627 2809 698 2874 inlr.
724 2812 797 2876 eut.
822 2822 854 2876 et
877 2811 951 2876 teu.
975 2821 1126 2899 usurpata
1151 2817 1218 2892 est)
1241 2809 1333 2880 ulmis
1385 2849 1386 2852 =

236 2911 372 2974 obseura
395 2906 553 2973 videntur.
599 2909 750 2976 Fortasse
771 2911 946 2997 siguificat:
965 2913 1144 3001 proprium
1159 2916 1226 2983 vim
1242 2933 1335 2984 serum
1384 2867 1387 2930 l

235 3015 337 3100 (quae
359 3010 586 3076 tautummodo
609 3021 660 3076 est
686 3010 839 3101 loquendi
869 3024 903 3080 et
931 3016 1088 3100 canendi)
1117 3032 1228 3086 aetem.
1273 3015 1334 3086 sal
1385 3059 1386 3066 ι

235 3115 283 3180 sie
305 3135 503 3203 quamquam
532 3112 681 3178 lectionis
709 3113 856 3202 vulgatae
884 3119 1126 3206 quodammado
1148 3124 1335 3214 intelligitur

235 3239 351 3285 sensus
373 3215 508 3306 aliquis,
541 3225 652 3282 tamen
680 3215 722 3282 ad
749 3217 812 3284 luei
841 3222 1104 3312 perspicuitatem
1130 3228 1334 3317 aperiandam

235 3320 437 3388 necessariae
459 3317 609 3386 videntur
632 3319 890 3392 emendationem
915 3326 987 3394 furt.
1010 3352 1038 3395 v.
1063 3323 1150 3392 ἀλκὰ
1170 3355 1273 3413 συμφ.
1292 3317 1334 3390 αἷ-

235 3447 293 3486 ma
313 3447 373 3513 pru
395 3413 490 3500 ama,
527 3417 614 3500 ἀλκᾷ
636 3421 794 3494 seribend.
817 3427 886 3513 vel,
915 3443 951 3498 ut
972 3431 1068 3499 Buth.
1097 3432 1224 3514 petreia
1251 3429 1336 3508 ἀλκᾷ

234 3533 333 3608 evam.
359 3523 402 3587 al.
421 3521 597 3614 fiduciam
623 3529 834 3599 canticorum
860 3535 989 3601 viribus
1015 3538 1195 3620 eorq'uaeter
1224 3549 1334 3601 aeras.

235 3629 439 3716 Quamquam
463 3629 575 3696 nescia
602 3632 675 3723 quis
705 3633 796 3699 malit
817 3634 978 3721 vulgatam
1001 3655 1128 3700 servare
1156 3635 1261 3702 etsie
1285 3661 1334 3706 ex·

234 3730 370 3820 plicare:
391 3731 468 3798 iude
490 3735 578 3823 quud
600 3731 652 3803 r'es
674 3736 816 3803 vidimus
839 3735 910 3826 ipsi,
934 3736 1008 3826 quia
1031 3755 1091 3800 trus
1115 3737 1268 3826 aequales
1286 3763 1334 3806 su·

234 3855 308 3900 mus
331 3842 447 3914 aetate,
471 3838 511 3902 ad
525 3839 708 3907 canendum
732 3837 818 3906 venit
842 3837 934 3903 uubis
957 3837 1114 3904 auxilium
1138 3864 1176 3908 ac
1191 3842 1331 3912 laeultas.

234 3977 277 3989 -
300 3935 428 4004 Deinde
450 3940 577 4008 videtur
605 3943 779 4031 legendum
804 3933 954 4014 Ἑλλάδος
981 3934 1066 4022 ἥβαν
1088 3933 1257 4029 eigamma
1278 3938 1333 4008 ala

233 4041 300 4124 γᾶν
321 4075 364 4094 -
386 4054 477 4124 βουρ.
500 4033 591 4126 limare,
613 4042 742 4128 revapr'u'
767 4042 809 4108 ἐπ’
834 4035 911 4106 airu
933 4044 1022 4108 Οἰων.
1044 4053 1191 4128 βασιλεῖς.
1228 4050 1330 4134 Quam

233 4143 296 4209 luei
320 4145 609 4212 eunlurnratiuuem
643 4149 758 4236 (vulga
781 4148 850 4214 sine
873 4159 1034 4216 commate
1059 4162 1132 4241 pust
1152 4143 1247 4237 ripere)
1271 4150 1331 4218 exi-

122 4247 126 4260 ”
234 4256 314 4334 guerit
336 4248 562 4315 euneiuuitutis
586 4248 685 4338 leges.
731 4254 823 4335 Quae
839 4261 947 4318 cuutra
966 4246 1066 4338 sapiu
1083 4257 1211 4322 monuit
1225 4256 1329 4322 Blam-
