2778 4844
217 185 298 325 ‘ur
315 247 551 327 resonum
570 245 987 326 neurruuuonuu.
1100 251 1168 324 ur

65 443 343 514 substentivomm
366 445 460 536 quusi
482 453 630 511 naturam
653 453 687 510 et
708 442 904 534 potestatem
925 444 1110 525 induerunt,
1133 457 1170 512 ut

65 573 165 640 supra
184 573 217 630 y.
241 551 317 618 404.
339 551 400 614 univ
421 545 447 613 δ’
471 535 548 611 ordre
569 539 670 631 eundo
693 538 763 620 ἷὶιθι
782 542 987 632 κᾶπωγῶνιος
1008 548 1083 631 (ubi
1106 548 1170 613 lto·

65 677 177 720 merus
201 653 335 720 dixisset
356 649 501 738 μέμνησο
523 672 553 714 rr.
577 640 732 734 ἔμμεναι).
777 647 863 716 Nam
884 661 922 717 ut
943 651 1023 718 alias
1045 652 1169 742 partiei-

65 759 120 850 pia
144 757 375 848 adjectivorum
397 755 503 824 vicem
526 764 691 847 praestant
717 751 856 838 (Beruh.
880 753 936 820 W.
958 753 994 822 S.
1016 755 1169 846 pum),

66 863 116 929 sic
137 861 280 930 vicissim
304 860 462 949 adjectiva
482 857 735 949 participiorum.

155 989 186 1033 v.
209 966 284 1034 too
330 963 423 1031 tlulu
445 963 591 1030 scribunt
612 957 830 1045 πεπληγμένοι,
856 961 955 1052 quod,
979 963 1169 1052 praesertim

65 1070 95 1135 ei
118 1093 214 1138 versu
235 1069 447 1138 antecedente
468 1062 551 1131 rodd’
574 1056 734 1130 ἐδεσπόσω
756 1066 922 1149 scribitur,
953 1067 1170 1134 necessarium
1298 1117 1301 1130 .

65 1184 218 1242 nonest.

156 1301 187 1345 v.
211 1278 286 1344 437.
330 1275 469 1344 Praecor
497 1275 603 1366 igitur
628 1271 799 1342 desiderio
827 1271 1055 1339 desiderantis
1075 1294 1172 1338 exer·

136 1379 225 1446 citos
252 1379 339 1446 dieis
364 1379 457 1446 hanc
482 1391 612 1447 terram
640 1377 769 1446 teneri?
814 1375 946 1465 (Vulgo
968 1387 1044 1468 post
1069 1373 1173 1460 λέγειν

139 1493 297 1572 punctum
318 1482 482 1574 ponitur.)

66 1583 218 1654 Chorus:
240 1586 291 1654 ric
311 1597 349 1653 nt
369 1607 474 1676 saepe
494 1593 620 1651 moesto
638 1595 776 1673 pectore
796 1583 1014 1675 suspirarem.

66 1689 208 1757 Praeco:
253 1689 351 1760 Unde
383 1689 472 1758 lmec
503 1688 675 1756 moestitia
708 1688 887 1778 premebat
924 1699 960 1758 te
996 1687 1040 1754 de
1076 1707 1172 1756 exer-

135 1794 228 1861 citu?

67 1897 215 1965 Chorus:
233 1897 446 1987 jamdudum
460 1897 638 1989 molestiae
647 1897 860 1966 lenimentum
873 1897 983 1967 dedeo
994 1899 1171 1966 silentium.

67 2001 208 2070 Praeeo:
239 2001 310 2068 Sed
337 2002 396 2091 pai
414 2001 558 2092 factum
585 2011 637 2068 est
669 2013 706 2069 nt
737 1999 934 2069 absentibus
962 2001 1175 2092 principidru

135 2104 228 2173 alios
249 2106 409 2172 timeres?

68 2207 216 2277 Chorus:
238 2209 352 2286 Adeo,
374 2221 411 2277 nt
432 2232 520 2278 nrrnc
541 2207 611 2278 ruis
625 2207 737 2278 verbis
758 2219 854 2278 utens
869 2207 984 2276 dicem
993 2213 1069 2299 jum
1089 2231 1174 2277 mor-

72 2353 80 2358 ·
138 2325 206 2382 tem
227 2313 364 2379 minime
384 2313 586 2380 detrectare.
1169 2325 1173 2333 '

158 2439 189 2484 v.
214 2416 290 2482 439.
335 2413 514 2481 scribendo
535 2410 641 2488 Hdssreo
666 2408 701 2479 eir
721 2407 976 2500 dritnrpon'roiir'5
1006 2411 1082 2493 ε’πῆυ
1103 2415 1173 2480 urfi-

68 2545 129 2606 poc
142 2515 281 2602 erpere&
303 2525 391 2582 certe
406 2537 472 2581 nou
491 2518 663 2605 gratiorem
679 2519 788 2584 reddis
805 2518 998 2584 orationem.
1035 2517 1175 2605 Vulgare

69 2633 184 2691 sonat:
216 2620 304 2688 unde
326 2619 417 2686 venit
438 2619 498 2686 tibi
520 2617 656 2684 infestus
678 2617 731 2684 hic
753 2640 886 2702 moeror
904 2628 1036 2708 propter
1058 2623 1177 2688 suerri*

68 2739 163 2805 tum,
199 2745 223 2790 s.
257 2721 413 2805 „Woher
441 2722 528 2790 deun
556 2721 632 2786 kam
656 2721 713 2787 der
734 2720 846 2788 finstre
868 2719 1025 2788 Mismuth
1054 2722 1095 2786 ob
1119 2724 1177 2790 des

69 2826 223 2895 Heers?”
237 2860 283 2877 -
304 2825 442 2894 Dativus
464 2839 572 2894 autem
587 2827 708 2908 στρατῷ
721 2824 864 2917 pertinet
879 2825 920 2891 ad
936 2845 1048 2892 eorum
1064 2849 1176 2914 genus,

73 2932 168 3020 cujus
197 2929 345 3019 exempla
374 2929 515 3021 explicat
541 2929 662 2996 Bernh.
687 2929 741 2996 W.
764 2928 799 2996 S.
830 2928 909 3021 Cap.
934 2927 990 2995 111.
1014 2967 1057 2980 —
1087 2931 1177 2998 Wol-

73 3033 205 3100 teucrus
222 3023 342 3114 orpoirrp
354 3033 395 3101 de
408 3035 536 3125 populo
549 3033 671 3100 dictum
686 3043 807 3114 censet,
829 3033 928 3124 quod,
950 3055 1051 3124 quum
1066 3033 1176 3125 paullo

76 3146 152 3204 ante
173 3127 304 3218 στρατὸς
331 3159 425 3204 suam
452 3136 570 3204 habeat
589 3136 877 3226 significationem,
905 3137 1041 3205 minime
1062 3137 1176 3228 probo.

76 3239 191 3331 Neque
224 3237 329 3327 magis
363 3239 500 3308 aliorum
532 3241 816 3331 interpretationes
848 3251 904 3306 aut
933 3241 1177 3306 emendationes

76 3341 271 3433 probandae,
294 3363 432 3430 querum
453 3341 643 3408 recensione
664 3339 698 3405 h.
711 3341 733 3406 l.
757 3351 795 3406 ut
817 3338 896 3405 alias
912 3343 1119 3430 supersedeo.
1132 3377 1178 3394 -

79 3444 222 3512 Chorum
243 3443 294 3510 his
318 3443 512 3511 adulterium
530 3442 810 3533 Clytaemnestrae
825 3441 1005 3531 significare
1021 3465 1088 3511 non
1103 3467 1178 3518 con·

78 3547 192 3616 sentio.
246 3547 289 3615 At
315 3547 428 3616 uxoris
456 3545 641 3638 civiumque
670 3544 825 3613 iuvidiam
853 3545 916 3612 hoc
946 3545 1069 3616 bellom
1096 3549 1177 3642 Aga.

78 3651 245 3719 memnoni
267 3651 473 3733 conflaverat,
499 3649 533 3718 id
555 3651 643 3742 quod
664 3674 694 3720 v.
716 3651 792 3720 361.
807 3672 863 3742 sq.
886 3661 919 3719 et
939 3653 1069 3745 saepius
1093 3654 1177 3724 Cho-

78 3777 131 3823 rus
154 3755 311 3823 declaret:
334 3755 375 3826 cf.
398 3781 428 3823 v.
451 3757 526 3824 635.
549 3779 597 3847 sq.
621 3793 665 3807 -

166 3883 197 3926 v.
221 3859 295 3926 443.
319 3884 368 3949 sq.
412 3857 586 3928 Schtitzius
608 3849 656 3924 Ed
672 3854 737 3944 γὰρ
752 3857 926 3944 πέπρακται
941 3863 1055 3926 ναῦτα·
1076 3867 1180 3945 πολλῷ

80 3960 105 4026 δ’
130 3961 164 4026 e'u
185 3957 290 4046 αρόνῳ
314 3973 404 4032 recte
424 3986 500 4030 eum
522 3962 701 4029 Abreschio
724 3962 793 4046 *lori
816 3963 1004 4033 difficultate
1027 3969 1177 4036 offensus.

80 4065 252 4134 Leraveris
274 4087 347 4133 eam
370 4077 479 4133 antem
501 4065 673 4133 scribendo
694 4061 797 4129 πάντα
817 4091 844 4135 s.
866 4063 968 4131 recede
988 4091 1046 4158 pro
1068 4069 1178 4151 redeo,

82 4169 143 4236 nisi
166 4168 285 4236 rectius
308 4169 535 4237 emendatione
559 4169 785 4255 abstinendum
809 4183 842 4239 et
862 4173 962 4234 roera
977 4193 1035 4260 pro
1049 4174 1204 4242 τοιαῦτα,

82 4272 204 4344 dictum
232 4293 363 4356 censes,
394 4271 436 4344 cl.
463 4284 544 4383 not..
560 4273 601 4344 ad
627 4297 656 4345 v.
684 4275 759 4344 332.
813 4274 1019 4343 constructio
1045 4277 1178 4368 quidem
