2808 4850
251 241 299 318 st
438 289 442 298 .
597 232 1010 316 COMMENTARIUS

253 436 328 506 tort.
351 445 482 502 auctore
496 430 689 502 Scholiasta.
732 431 884 523 Namque
906 428 1055 522 quamvis
1068 429 1227 522 Elmslejo
1253 455 1365 500 assem

255 540 375 610 tiamur
396 549 507 606 cuntm
528 535 650 606 Blomi.
679 539 713 606 in
736 537 899 605 Review
921 535 1148 620 contendenti,
1183 537 1365 605 multarum

256 643 513 713 ceremoniarum
541 641 729 734 rituumque
757 642 900 708 rationes
928 663 989 708 nos
1012 638 1154 720 nescire,
1186 650 1240 723 ut,
1259 663 1260 666 ¹
1277 642 1365 732 quod

255 739 363 831 ἄπυρα
377 737 446 830 ἱερὰ
466 743 572 814 Furiis
587 769 652 812 non
670 768 834 837 promote
856 745 909 828 (el.
926 742 1103 835 Spanbem.
1119 754 1153 811 et
1164 743 1362 813 Schwenck.

257 853 299 918 ad
319 851 415 918 Eum.
438 871 467 916 v.
496 849 579 932 108.)
606 847 714 916 oblata
742 849 825 925 sint,
855 848 896 913 ad
924 857 1149 936 argumentum
1171 871 1291 939 parum
1317 873 1363 915 va·

255 954 339 1024 leat:
376 962 486 1019 tamen
521 950 789 1028 commemoratio
823 944 952 1035 ἀπύρων
982 948 1014 1015 b.
1037 948 1059 1016 l.
1087 972 1150 1017 nec
1177 953 1362 1020 necessaria

255 1081 318 1126 nec
345 1053 424 1124 satis
452 1065 526 1147 opta
555 1065 614 1123 cst.
665 1055 781 1146 Neque
814 1044 933 1138 ἄπυρος
965 1051 1013 1134 sic
1040 1052 1293 1144 intelligendum
1329 1067 1363 1123 ut

254 1160 364 1229 Prom.
387 1161 453 1228 880
481 1152 630 1244 (οἴυτρου
650 1153 676 1223 δ’
700 1149 893 1244 dedignata
915 1153 946 1242 μ’
971 1147 1110 1242 ἄπυρος)
1145 1157 1286 1250 intelligi
1310 1183 1359 1228 vo

254 1267 328 1332 lunt
348 1263 544 1332 recentiores
566 1261 755 1346 (schulzein
773 1263 867 1330 1830.
885 1261 987 1353 April.
1003 1260 1054 1330 vel
1068 1260 1204 1329 Jahrbb.
1220 1263 1243 1331 i.
1256 1265 1358 1332 Wiss.

254 1367 337 1437 Krit.
363 1369 458 1436 1830
481 1367 576 1450 lllai).
627 1366 716 1434 Malu
744 1364 947 1457 interpretari
974 1360 1068 1449 circoq.
1094 1363 1148 1450 ἱερ.
1174 1361 1243 1452 ὀργ.
1266 1368 1358 1434 irum

250 1485 393 1566 propter·
413 1471 594 1562 neglectam
608 1470 890 1562 desideratamque
909 1467 1088 1556 flammam
1103 1493 1285 1598 sacrorum„
1291 1471 1313 1536 i.
1330 1493 1354 1535 e.

254 1589 387 1670 propter
408 1576 611 1643 immolatam
634 1573 868 1664 lplrigeuiam.
892 1571 942 1639 Ol.
965 1569 1069 1662 Soplr.
1092 1571 1142 1663 Aj.
1167 1564 1285 1642 175.'‘
1265 1565 1355 1654 qaod

252 1701 298 1753 m,-
318 1675 410 1751 νίκας
431 1672 616 1761 ωιαρτιωτοτ
636 1671 748 1760 χάοιτι
774 1689 917 1765 propter·
937 1675 1113 1764 neglectas
1130 1679 1274 1765 gratioe
1290 1699 1352 1768 pro

253 1779 400 1848 victorin
428 1803 464 1844 n
453 1780 550 1904 liquo
577 1779 788 1868 referendus.
839 1779 950 1872 Eurip.
978 1777 1351 1872 Hippol.1t6.0t21'290r

253 1876 384 1956 ἀθύτων
397 1869 574 1946 retritum
560 1883 668 1974 impia
672 1895 831 2054 [propter
852 1906 917 1950 non
933 1883 1054 1950 obluta
1070 1882 1268 1974 sacrificia3
1289 1885 1350 1950 ibd.

253 1987 328 2055 871.
350 1981 483 2068 ἀβίωτος
503 1983 586 2071 βίοςι
613 1987 674 2054 nul
672 1987 711 2054 la
735 1989 807 2056 nita
830 1987 987 2056 uiuendo
1033 1987 1084 2054 Cl.
1107 2012 1140 2056 ιι.
1164 1989 1204 2056 ad
1227 2015 1256 2056 v.
1280 1991 1348 2057 723

191 2111 195 2122 ¹
253 2127 297 2140 -
321 2090 463 2160 Genitivi
487 2091 601 2158 eadem
623 2091 706 2160 ratio
728 2091 831 2184 Sopb.
858 2094 908 2182 Αἱ.
935 2091 997 2160 180
1035 2081 1169 2174 torquis
1198 2085 1347 2172 mingo

252 2218 311 2257 νου
294 2189 438 2277 donoc,
459 2193 555 2260 Hom
580 2194 617 2262 ll.
643 2198 677 2278 l,
700 2197 754 2266 6,.5
782 2217 812 2263 v.
838 2197 911 2265 158.
957 2193 1009 2262 De
1033 2193 1158 2275 Genit.‚
1191 2195 1248 2286 qui
1270 2193 1347 2287 apud

252 2293 451 2364 substantiva
474 2289 617 2379 nonest
602 2290 725 2384 οργῆ,
712 2299 803 2383 rimae
818 2310 879 2367 cet.
901 2297 1085 2386 subjectiva
1107 2322 1206 2367 sensu
1229 2300 1346 2391 positus

253 2411 317 2468 est:
353 2399 547 2468 Schwenek.
575 2426 609 2469 n.
632 2402 672 2470 ad
694 2401 789 2470 Eum.
812 2403 888 2471 225.
919 2401 972 2471 dl.
994 2401 1076 2486 4623
1114 2402 1155 2472 de
1182 2425 1266 2495 quo
1261 2402 1307 2470 ·.h
1327 2400 1345 2466 1.

252 2503 384 2596 cogitari
408 2527 474 2573 non
497 2503 583 2575 licet

338 2649 370 2695 v.
393 2628 446 2695 7⁸2.
469 2651 541 2720 sqq·
586 2627 695 2719 Vulgo
720 2623 847 2713 ‘Hpasic
872 2622 903 2691 δ’
928 2621 1041 2708 ἅτῖιᾳ
1067 2621 1185 2711 σαρκὶ
1206 2623 1347 2707 παλαιᾷ

175 2821 178 2826 Ι
250 2756 309 2797 -τ
338 2753 400 2798 nos
426 2755 507 2800 vero
531 2746 676 2824 propter
702 2743 904 2806 senectutem
932 2729 1174 2798 inhonoratum
1208 2733 1255 2801 nd
1281 2737 1346 2822 ejus

250 2833 479 2932 expeditionis
499 2835 666 2901 societate
686 2834 820 2900 exultari
840 2834 894 2914 (et.
909 2833 986 2900 Eur·
1002 2833 1128 2902 Heracl.
1144 2835 1257 2904 Elmsl.
1274 2837 1346 2916 731)
1384 2847 1385 2854 ’

249 2956 422 3000 monentur
448 2935 540 3002 domi
570 2935 736 3024 praerilem
760 2933 952 3024 potentium
985 2935 1119 3005 bacidis
1144 2941 1345 3008 enuntiarentur

249 3033 387 3102 Videtur
409 3047 517 3105 autem
545 3032 647 3101 ἀτίται
673 3036 879 3104 scribendum
909 3060 1012 3128 eaque
1040 3039 1103 3107 alia
1132 3042 1235 3136 lormo
1262 3044 1345 3112 vocis

247 3128 343 3203 daeo
366 3164 448 3208 esse.
493 3139 672 3225 Quodsi
645 3163 694 3207 src
719 3140 887 3267 scribitur,
920 3139 1116 3234 interpretor
1143 3147 1253 3216 aliterr
1289 3167 1383 3213 nos

247 3265 328 3313 vero
355 3266 422 3311 non
447 3235 604 3327 τιμωροὶ
630 3254 694 3310 aut
721 3237 867 3330 ἀρωγοὶ
897 3257 1041 3335 propter
1068 3263 1268 3320 senectutem
1289 3272 1343 3312 -·

248 3347 323 3417 vide
345 3347 596 3440 Spanhemiana.
639 3339 876 3412 ’Industria'
864 3339 997 3427 ισχυντ
1027 3354 1125 3444 paulo
1148 3365 1222 3445 post
1243 3380 1275 3426 v..
1296 3355 1343 3421 80.

247 3451 316 3542 pari
340 3453 472 3542 quidem
494 3450 668 3519 insolentia
696 3446 848 3538 τρίτιοδαι,ΙΙ
864 3445 973 3535 ὁδοὺς,
1000 3465 1102 3523 antea.
1119 3457 1171 3522 13.
1199 3450 1344 3542 διθρόνου

247 3547 305 3618 καὶ
326 3547 514 3642 δισκήπτρου
535 3555 637 3639 sepire:
675 3557 716 3624 ci.
742 3569 811 3626 not.
839 3557 880 3624 ad
907 3583 938 3626 v.
963 3559 1150 3637 181651,
1188 3580 1287 3653 supra
1311 3559 1343 3627 ad

247 3681 277 3726 v.
302 3658 354 3726 19.
398 3658 465 3726 Sed
493 3683 592 3727 nemo
614 3659 677 3727 nisi
708 3660 765 3751 qui
787 3658 937 3752 meminit
962 3668 1139 3725 structurae
1162 3657 1195 3724 in
1219 3663 1342 3750 syntaxi

246 3763 455 3854 comparativi
466 3763 603 3855 aliisque
617 3761 911 3852 comperationibus
925 3758 1205 3851 frequentissimae
1224 3771 1262 3833 ut
1275 3769 1342 3835 sub.

246 3867 366 3956 jectum
389 3867 518 3960 proprie
540 3865 792 3958 comparandum
814 3863 981 3932 omittatur
1002 3865 1138 3954 ejusque
1158 3865 1232 3934 loeo
1253 3868 1338 3948 illud,

246 3968 335 4060 quod
359 3967 407 4035 illi
430 3970 617 4060 adjunctum
633 3969 686 4049 sit,
709 3980 922 4062 comparetur,
945 3967 1035 4035 illam
1058 3967 1233 4040 dictionem
1257 3973 1338 4064 peni-

245 4083 298 4141 tus
321 4072 503 4166 perspiciat.
550 4071 685 4164 Propter
712 4070 817 4160 νέμειν
843 4073 991 4142 citandus
1019 4071 1173 4166 Sophocl.
1194 4073 1245 4144 ΕΙ.
1271 4077 1337 4144 tto

245 4173 632 4262 repromittentium,
659 4198 801 4246 seruans
823 4178 1038 4248 immodicam
1059 4177 1165 4258 irum,
1198 4179 1280 4248 Oed.
1302 4179 1335 4246 ’1.

245 4279 417 4348 101237.
441 4282 516 4348 579.
544 4276 595 4367 Aj.
620 4279 717 4359 1016,
741 4282 781 4346 at.
