2778 4844
240 217 308 296 «ru
323 217 560 295 nscnrur
574 178 994 296 noannnnouun
1101 219 1170 292 uu

73 416 126 496 rit,
150 437 252 503 quum
268 394 307 480 'id
330 433 428 514 saepe
452 438 469 482 a
491 413 562 483 solo
585 415 655 503 ejus
669 413 801 482 arbitrio
816 412 1015 504 pependerit·
1053 411 1171 496 Quam·

72 519 187 586 obrem
209 541 271 584 nec
292 516 323 584 h.
338 517 359 583 l.
382 512 549 600 φὲείραινε
569 516 795 584 sufficiendum
810 516 844 582 in
859 516 1008 604 vulgatae
1022 515 1171 584 lectionis

70 624 180 690 locum
210 631 362 712 putamus
390 643 449 686 nec
476 644 506 688 v.
529 621 611 699 785,
646 642 708 688 nec
729 613 866 684 reloaure
891 642 922 688 v.
944 622 1027 701 311,
1061 641 1171 708 quant-

70 749 171 816 quarn
187 722 300 792 Aureli
315 721 360 788 ibi
376 723 566 790 auctoritate
582 723 744 790 confidere
759 721 865 802 liceat,
889 721 929 790 cf.
944 721 1025 788 infra
1042 722 1156 790 noro.
1239 788 1241 793 .

159 851 190 895 v.
212 826 288 894 515.
310 849 358 916 sq.
396 817 552 908 ὠρώρει,
575 825 615 892 cl.
632 825 727 892 Hom.
750 825 787 892 ll.
810 826 948 906 Σ.198.,
971 824 1072 917 Soph.
1089 825 1171 892 Ocd.

72 932 145 998 Col.
171 929 272 1011 1911,
307 927 459 1018 Apollon·
490 927 551 994 Rh.
575 927 631 1009 lV,
657 931 752 998 1687.
779 964 825 980 -
859 920 1056 1012 &pulmon
1092 927 1169 994 Eur.

7 1057 11 1070 ·
69 1033 265 1114 11151091,
287 1031 364 1100 Eur.
387 1029 467 1098 Hec.
490 1032 522 1102 7.
546 1041 580 1098 et
604 1034 656 1102 36.
677 1033 718 1101 al.
741 1031 792 1100 cll
816 1042 884 1102 not.
907 1055 939 1098 n.
962 1032 1002 1099 ad
1024 1029 1062 1098 A.
1082 1028 1170 1097 Pers.
1240 1026 1246 1036 ’

69 1139 136 1204 897
159 1139 278 1220 (951).
1096 1191 1098 1198 ,

160 1265 190 1306 v.
213 1239 290 1307 518.
314 1261 362 1326 sq.
408 1236 580 1318 Χειμῶνι
606 1237 709 1318 τυφῶ
744 1237 867 1306 dictum
900 1249 938 1306 ut
964 1237 1052 1321 νυῳῶ
1078 1233 1172 1320 μένος

67 1341 188 1431 Suppl.
212 1342 287 1409 555.
309 1374 354 1392 -
382 1335 507 1411 ἀνθοῦν
526 1337 663 1424 πέλνῳος
672 1377 717 1390 -
729 1347 847 1427 νεκροῖς
864 1337 1001 1427 Ἀνδρῶν
1013 1379 1055 1391 -
1068 1361 1171 1404 ναυτι-

69 1445 141 1508 κῶν
162 1439 184 1504 ι’
210 1437 348 1528 ἐρειπίων
375 1441 403 1508 si
432 1465 460 1508 c.
482 1441 578 1508 Both.
599 1445 737 1524 νοιπικῷ
754 1441 788 1510 ’r'
813 1440 931 1530 ἐρειπίῳ
952 1444 1084 1532 corrigi,
1117 1453 1174 1510 out

68 1571 133 1637 per
155 1567 289 1635 zeugma
313 1543 465 1635 explicari
492 1545 540 1614 ite
566 1557 603 1616 ut
623 1551 743 1632 νεκροῖς
770 1550 810 1616 ad
831 1570 920 1612 new.
942 1546 1031 1632 ἐριιιι.
1053 1557 1172 1636 repeta-

68 1661 141 1728 tur,
172 1671 238 1714 non
261 1647 354 1730 licet,
387 1648 659 1716 constructionem
681 1651 835 1719 variatam
858 1653 945 1720 dicas
967 1662 1005 1718 ut
1026 1651 1172 1716 Alcman.

67 1753 108 1818 fr.
136 1752 203 1832 17.,
224 1749 341 1818 Aesch.
366 1750 512 1841 Choeph.
535 1753 609 1820 216.
634 1753 725 1834 487„
749 1755 800 1824 cll.
825 1753 907 1822 Lob.
923 1753 981 1845 Aj.
1004 1779 1034 1846 p.
1057 1756 1110 1824 33.
1128 1789 1173 1804 -

70 1857 227 1922 Ceterum
249 1854 324 1922 519.
353 1851 502 1938 ,ποιμένος
528 1855 634 1918 κακοῦ
659 1848 779 1940 στρόβῳ
806 1857 827 1924 ἱ.
847 1883 875 1926 e.
902 1857 1078 1942 procellae
1099 1879 1173 1922 uor-

69 1960 156 2028 tice:
193 1956 303 2024 Vossr
327 1956 442 2037 „deon
465 1957 522 2024 der
545 1957 656 2024 Orkon
678 1982 746 2030 war
770 1961 864 2026 noser
886 1959 998 2041 Hirt’';
1034 1957 1173 2024 Humor
1238 1953 1244 1960 ’

70 2064 150 2143 „sie
177 2059 358 2149 untergehn
381 2060 423 2152 ¹iu
450 2059 537 2128 ihren
565 2059 707 2132 Fiihrers
730 2061 978 2130 Wirbelsturz.”
1028 2061 1174 2130 Pertinet
1250 2101 1254 2112 ‹

69 2167 136 2233 hoc
158 2165 199 2230 ad
222 2163 372 2234 festivum
396 2163 502 2230 nuntii
523 2162 690 2251 ingenium
715 2165 813 2232 etiam
835 2165 869 2232 in
886 2167 1046 2234 malorum
1069 2187 1173 2231 narra-

69 2271 179 2347 tione,
206 2269 314 2358 quoad
337 2271 407 2358 ejus
429 2267 500 2335 fieri
521 2267 655 2345 licebat,
678 2267 740 2334 sibi
764 2281 925 2338 constans.

162 2396 193 2440 v.
217 2365 293 2438 558.
316 2393 388 2458 sqq.
435 2369 474 2434 V.
502 2369 602 2433 ναῦν
628 2366 657 2434 r’
682 2365 875 2454 ἀκήρατον
902 2365 1049 2451 σκάφος
1075 2366 1173 2454 (r'l).

71 2477 165 2544 Dura
194 2471 327 2538 alterius
356 2471 453 2559 hujus
481 2482 619 2536 accusat.
647 2472 729 2540 ratio
763 2485 797 2540 et
822 2476 862 2540 ab
891 2475 996 2540 nuntii
1023 2496 1174 2540 sermone

6 2563 8 2646 l
70 2580 262 2646 abhorrens.
307 2571 538 2640 Neomultum
560 2571 725 2660 proficitur
747 2573 869 2641 leniore
892 2575 1019 2642 medela
1040 2576 1103 2653 νῷν
1124 2575 1176 2642 vel

69 2681 156 2745 νεῶν
177 2701 237 2768 pro
259 2677 350 2740 ναῦν.
393 2676 430 2742 Si
453 2676 564 2742 Aureli
587 2667 656 2748 νεός
676 2667 698 2738 ν’
723 2675 819 2742 lectio
834 2676 942 2760 MSS.
964 2701 1030 2744 non
1053 2681 1177 2768 conjec-

70 2797 149 2852 tura
174 2791 234 2862 est,
256 2779 462 2851 scribendum
485 2770 561 2852 νεώς
581 2773 616 2857 ι’,
638 2777 689 2844 sin
709 2801 814 2862 secus,
836 2779 916 2842 νεῶν
930 2775 965 2861 ι’,
989 2782 1076 2872 quod
1091 2782 1175 2870 vulg.

71 2889 150 2956 lect.
179 2881 327 2950 similius.
355 2919 399 2932 -
425 2871 446 2959 11
470 2873 673 2966 ’sparlonem
699 2905 757 2950 sen
778 2885 904 2976 polam
931 2885 998 2952 sibi
1020 2887 1182 2976 poposcit

73 2995 126 3074 (ut
148 2987 212 3054 sibi
226 2985 405 3067 debitum).
450 2983 583 3054 scuiin.
605 2974 625 3063 ll
646 2977 830 3071 ’ξηγῆσανο,
854 2990 942 3079 quod
963 2989 1011 3058 sic
1032 2991 1176 3081 positum

6 3127 7 3130 ¹
71 3093 203 3162 videtur
225 3090 320 3156 Hom.
344 3087 379 3156 ll.
399 3089 449 3154 11.
472 3089 547 3157 805.
592 3089 710 3156 well:
733 3091 821 3158 niln'l
841 3095 1065 3162 mactandum:
1080 3096 1177 3161 Deus

74 3195 204 3284 uliquis
232 3205 293 3260 out
314 3191 392 3258 dolo
415 3204 477 3260 ont
501 3192 659 3280 precihus
680 3195 798 3284 effecit
819 3209 856 3261 ut
877 3219 1107 3273 servaremur,
1136 3197 1177 3264 dc

75 3298 207 3389 duplice
234 3315 278 3368 ru,-
305 3294 441 3360 laudans
468 3293 614 3383 Elrnslej.
642 3307 752 3362 notata
782 3296 823 3360 ad
853 3297 1015 3386 Aristoph·
1033 3297 1176 3362 Aclrarn.

76 3404 150 3469 559.
182 3409 216 3465 et
241 3396 351 3486 Soph.
373 3397 455 3462 Oed.
478 3395 518 3462 R.
541 3399 642 3490 Ι1190.
664 3432 709 3450 -
734 3397 804 3466 Nec
833 3398 941 3468 inesse
968 3399 1042 3465 loco
1072 3411 1179 3491 potest

76 3506 140 3572 hoc
163 3501 351 3592 oppositum
373 3499 463 3565 clnm
487 3509 549 3564 oret
571 3499 617 3576 νί,
639 3523 701 3590 nec
722 3501 876 3592 probatur
897 3501 977 3570 mihi
999 3503 1177 3572 Hermanni

78 3597 260 3692 ἐξῃρῆσανο,
276 3591 474 3694 quamquam
490 3601 566 3668 Eur.
579 3601 664 3672 Med.
682 3608 755 3674 789.
771 3598 854 3681 ὅστις
869 3599 1062 3690 ἐξαιρήσεται
1075 3606 1178 3674 τέκνα.

68 3711 239 3799 'Vulgatae
270 3718 379 3774 autern
407 3705 698 3778 lectionissensus
728 3710 826 3778 etiam
853 3710 901 3778 sic
926 3711 1120 3794 illustratur,
1149 3716 1178 3784 si

79 3816 260 3903 cogitamus
282 3809 415 3905 indlcari
439 3809 535 3878 deum
558 3813 614 3902 qul
637 3814 699 3880 sibi
723 3837 763 3880 ex
778 3813 922 3903 Neptuni
943 3827 1104 3914 potestate
1125 3843 1177 3884 na-

80 3942 155 3985 vem
177 3925 334 3982 servatam
351 3912 489 3980 voluerit
511 3913 563 3980 vel
577 3916 797 4003 postulaverit.
831 3917 928 3986 Both.
944 3921 1068 3988 confert
1082 3921 1178 3984 Hom.

82 4022 144 4088 od.
168 4020 192 4086 l.
216 4018 347 4108 passim.
371 4053 414 4064 -
443 4008 550 4092 Τύχη
577 4010 618 4078 δὲ
641 4010 764 4102 σωτὴρ
790 4021 889 4084 ναῦν
908 4019 1071 4094 &elooo'
1095 4018 1179 4101 ἐφέ-

84 4132 174 4200 ζετο.
218 4114 308 4197 Τύχη
330 4112 440 4202 celeno,
462 4145 505 4178 =
527 4109 675 4202 σῦτεόα,
701 4120 814 4192 Valck.
839 4147 881 4190 n.·
894 4125 935 4192 ed
957 4125 1033 4190 Eur.
1057 4121 1180 4194 Phoen.

41 4233 53 4242 '
88 4229 159 4296 193.
183 4218 424 4298 alestanno
444 4223 571 4303 lubens,
589 4224 762 4314 prnpitio:
786 4227 932 4319 Choeph.
956 4229 1007 4294 19.
1028 4230 1126 4313 γενοῦ
1145 4223 1182 4294 δὲ
