2778 4844
237 203 292 282 tn
308 203 546 285 AESCHYLI
562 203 985 286 AGAMEMNONEM
1095 209 1165 284 119

56 397 285 488 refragationis
307 399 438 490 signnm
459 411 534 492 past
553 401 635 474 seon
656 402 734 493 parri
757 401 844 470 lieet.
890 399 997 470 Versu
1017 403 1086 492 se'q.
1103 403 1162 492 pro

54 501 161 583 σέβεις
182 503 334 592 conjecit,
358 505 467 572 neseio
488 504 561 594 quis
583 495 629 567 σὺ
648 500 725 590 φῄςς
748 504 873 574 Verum
886 529 953 572 non
967 515 1042 594 eget
1055 527 1162 574 esem·

53 606 187 698 plorum
221 606 512 690 demonstratione,
545 605 652 690 σέβειν
682 608 747 676 diei
782 608 890 678 latiori
920 608 1162 699 significatione

53 710 175 778 solere.
198 741 243 763 ·-·

146 837 176 881 v.
199 813 275 880 999.
296 834 366 904 sqq.
411 808 464 878 Ori
485 803 610 894 δόξαν
630 802 682 878 do
701 819 787 896 λαβ.
808 823 901 900 βριζ.
930 809 1083 900 φρενόςι
1113 815 1161 884 ot.

50 939 124 984 snm
150 927 328 1006 gravatae
355 916 619 1006 domiciliisque
646 917 767 984 meotis
792 941 859 985 noer
881 941 945 1008 ego
969 919 1160 1010 acceperim

48 1044 115 1110 pra
142 1031 237 1088 cerlo
263 1018 380 1108 siguo,
412 1041 479 1086 nen
505 1017 736 1105 probaverim.
785 1017 983 1104 Λαμβάιιειιι,
1012 1022 1158 1112 accipere

52 1147 166 1203 omen,
195 1121 350 1216 probare,
377 1121 474 1211 eique
495 1122 595 1188 fidem
617 1121 749 1192 habere.
773 1157 816 1174 -·
840 1120 943 1186 Ἀλλ’
970 1113 992 1204 ἦ
1016 1121 1050 1186 σ’
1080 1120 1157 1188 ieri·

51 1224 147 1292 ανέν
167 1251 222 1300 τις
244 1216 405 1308 ἄπτερος
430 1214 558 1307 moisem
588 1224 630 1292 cl.
651 1225 903 1316 Spmrlremiana.
945 1223 1091 1292 ’sarava
1116 1228 1158 1311 (l.

50 1326 212 1413 ἐπίηιιεν),
232 1327 462 1396 Blomsreldius
489 1349 517 1394 e.
545 1327 617 1396 aliis
645 1341 758 1398 censet
784 1330 968 1400 ducendam
990 1355 1009 1398 o
1034 1326 1159 1416 ιιισλνω,

51 1433 144 1521 quod
166 1432 231 1498 nisi
251 1431 352 1504 etiam
375 1430 457 1496 inlra
483 1431 568 1498 1436
590 1429 654 1500 hoc
675 1433 810 1500 verbum
837 1433 885 1500 sie
910 1433 1053 1525 positum
1074 1433 1160 1522 lege·

50 1545 159 1616 retur,
187 1535 243 1602 vix
271 1534 455 1602 assentirer.
496 1529 644 1598 ’Earer'rm
671 1537 748 1602 alibi
771 1535 904 1628 quidam
933 1559 999 1604 non
1031 1537 1159 1628 legitur,

52 1657 177 1722 nedum
198 1655 328 1719 ε’πῖανεν
342 1655 433 1737 Aor.;
455 1655 519 1724 nisi
541 1656 625 1724 forte
647 1653 786 1722 ἕπῖαιιιεν
806 1658 980 1748 legendnm
998 1659 1064 1728 iota
1088 1683 1158 1750 pro·

53 1761 149 1828 ducto
180 1760 223 1826 oh
246 1760 476 1849 Augmentum·
521 1759 705 1852 Compositi
733 1761 814 1832 haee
836 1763 867 1831 h.
889 1762 911 1828 l.
934 1763 983 1832 vis
1009 1785 1082 1831 esse
1104 1763 1156 1830 de·

54 1863 106 1930 bet
128 1873 165 1931 ut
187 1863 269 1930 haec
292 1864 371 1930 verti
394 1863 535 1954 possint:
559 1865 706 1930 eairnrrm
729 1879 820 1934 tunm
837 1871 913 1956 jum
930 1867 1102 1934 credulum
1123 1879 1157 1934 et

53 1989 110 2054 spe
137 1965 269 2034 lustrem
296 1968 461 2034 accedens
489 1989 602 2032 rumor·
627 1967 868 2056 inflnrrrrrruvit.
913 1969 1037 2036 Passivi
1065 1963 1157 2030 laim-

53 2085 131 2143 σθαι
166 2092 247 2138 usus
274 2071 466 2139 Homericus
499 2070 696 2141 notissimus.
753 2071 904 2140 Aetirtrm
931 2071 1050 2160 llyma.
1082 2071 1156 2138 Cer.

55 2176 132 2243 430:
165 2167 268 2238 reond
292 2165 366 2258 μάλ’
396 2171 558 2254 qutehm
583 2173 718 2258 κραδίην
738 2169 795 2238 καὶ
822 2167 931 2259 serpedo
952 2165 1061 2240 ἴαινον.
1104 2174 1156 2240 (ll.

55 2290 118 2346 not·
142 2281 183 2346 ad
207 2304 237 2347 v.
254 2281 329 2372 377.
351 2279 407 2345 uhi
432 2279 547 2346 eadem
569 2277 730 2345 sententia
747 2277 858 2360 Chen,
881 2291 914 2346 et
934 2305 964 2346 v.
982 2280 1045 2346 489
1063 2303 1136 2367 sqq.

138 2407 169 2452 v.
185 2383 262 2450 995.
278 2405 349 2472 sqq·
383 2381 437 2446 De
454 2381 578 2447 ratione
596 2382 737 2448 Genitivi
755 2377 846 2445 ποίου
861 2375 981 2465 χρόνον
996 2393 1028 2449 et
1040 2406 1069 2448 v.
1082 2382 1157 2448 999.

55 2483 169 2553 Aecus.
192 2476 263 2547 τόδε
283 2474 385 2557 ιάχυς
406 2506 474 2547 non
498 2507 579 2572 opus
602 2497 652 2551 est
666 2486 832 2574 disputare
850 2497 906 2551 aut
922 2483 1158 2550 Grammaticos
1204 2491 1207 2498 '

54 2588 197 2655 laudare.
242 2583 358 2677 Neque
380 2608 420 2652 eu
443 2583 601 2677 pertinet,
628 2588 716 2678 quod
739 2586 849 2652 l'auw.
874 2598 908 2653 et
929 2585 1037 2678 Glasg.
1060 2582 1159 2669 ἀγγε-

52 2693 117 2754 λῶν
138 2689 293 2758 scribunt

142 2817 172 2860 v.
193 2794 269 2859 931.
292 2817 361 2884 sqq.
397 2789 528 2878 μέγαν
548 2787 588 2856 dl
609 2786 737 2858 πανὸν.
773 2792 895 2859 Auctor
910 2789 1010 2858 Rhesi
1032 2781 1160 2872 adroic,

58 2897 141 2988 quad
163 2897 358 2964 vocabalum
381 2896 479 2963 etiam
495 2896 596 2988 Soph.
614 2921 665 2988 ap.
683 2897 777 2965 Phet.
794 2895 905 2988 Eurip.
924 2895 1070 2964 Alcmen.
1093 2898 1158 2962 lsi:

59 3002 95 3068 ei.
117 3000 368 3092 Spunhemiana.
396 2999 548 3092 Aeschyli
572 3001 658 3068 herne
680 3001 787 3069 laeum
812 3002 921 3069 lmrrlat
944 2999 1059 3069 Athen.
1082 2999 1157 3068 XV.

60 3131 85 3194 p·
107 3108 181 3173 tot.
204 3105 242 3172 F.
265 3139 310 3156 -
331 3103 461 3172 Deinde
483 3105 581 3194 vulgo
603 3102 762 3187 ἐξεδέξατο
775 3100 952 3189 ’Τπεριελής
972 3129 1020 3182 ιε,
1046 3096 1160 3166 odmen

61 3202 131 3272 ders
152 3204 299 3287 verrimus,
323 3201 432 3284 Ἰσχῦς
452 3209 603 3292 πορειτοῦ
623 3203 788 3293 λαμπάδος
809 3203 883 3292 πρὸς
909 3200 1022 3285 ἡδονὴν
1043 3199 1159 3283 Πεύκη,

63 3304 92 3373 ri
111 3337 204 3399 χρυσ.
228 3337 287 3394 -3
315 3310 492 3401 inquibus
520 3312 620 3378 multa
645 3313 762 3378 mendo
790 3311 891 3376 latere
913 3308 1088 3394 Elmslejus
1113 3309 1160 3394 ju·

64 3415 146 3484 dieat.
191 3417 238 3485 ln
259 3415 400 3505 primum
421 3415 557 3480 verbum
579 3414 707 3480 finitum
729 3413 944 3490 desideratur,
972 3421 1069 3499 atque
1092 3405 1159 3493 ἐγέ-

64 3543 123 3583 νετο
149 3521 179 3592 h.
203 3522 227 3588 l.
259 3517 369 3584 durior
399 3516 531 3608 ellipsis.
575 3519 685 3605 Quare
713 3518 779 3608 jem
807 3515 990 3582 Blomiield.
1020 3515 1160 3604 conjecit
1194 3559 1198 3568 -

65 3619 218 3708 ὑπεριελεῖ,
242 3621 329 3715 qnod
344 3621 417 3688 aliis
433 3623 593 3713 probatur.
630 3623 720 3716 ldem
736 3620 833 3689 scribi
852 3620 921 3689 vult
941 3612 1048 3700 ἰσχὺν,
1070 3619 1158 3712 quod

68 3749 133 3795 cunr
153 3722 234 3794 iimo
254 3721 384 3812 morium
406 3729 633 3817 conjungatur,
662 3727 738 3819 quia
762 3725 845 3792 alius
871 3725 1089 3792 narninatirus
1111 3749 1159 3792 se-

69 3833 175 3919 quitur.
214 3832 339 3899 Verum
361 3842 412 3899 est
433 3843 541 3898 autem
565 3833 652 3920 quod
675 3841 767 3898 notat
789 3831 877 3896 idern
893 3828 995 3896 Emsl.
1017 3829 1051 3894 in
1067 3829 1158 3910 lien,

70 3957 124 4002 nee
143 3933 295 4015 νωιίζειν,
324 3959 385 4002 nec
406 3927 480 4018 πρὸς
501 3927 615 4012 ἡδονὴν
642 3935 704 4002 diei
727 3935 832 4002 solere
855 3957 894 4000 eo
918 3959 1034 4011 sensu,
1061 3953 1160 4020 quern

72 4033 118 4103 hie
136 4040 226 4109 locus
249 4039 400 4129 requiril3
429 4061 626 4128 quamquam
650 4039 677 4103 si
701 4035 857 4122 ιῖιπεριελεῒ
879 4040 1062 4128 (serpenti)
1086 4035 1164 4126 seri·¹
1206 4047 1208 4054 ⁴

73 4136 158 4224 bitur,
179 4143 357 4237 paullulum
375 4142 558 4233 expeditior
574 4140 665 4208 locus
683 4143 871 4231 faciliorque
888 4139 1051 4230 oppositio
1072 4130 1162 4220 (πρὸς

75 4237 189 4334 ἡδονὴν)
216 4239 322 4325 ardon.
367 4246 439 4314 Alia
467 4246 550 4315 ratio
573 4254 624 4314 est
652 4245 933 4338 expediendiloci
957 4263 1012 4324 ea,
1042 4265 1105 4332 qna
1128 4243 1162 4306 in
