2778 4844
254 225 310 305 ΙΝ
324 229 999 314 AESCHth'AGAMElllNONEM.
1106 239 1176 314 tlt

69 420 265 491 distribuere
293 422 474 496 studebam.
518 428 564 496 m
593 447 693 520 opera
719 423 847 520 perdita
874 427 1023 498 intellexi
1050 433 1176 501 consul-

68 527 136 594 tius
169 550 241 594 esse
273 527 380 596 redire
412 531 453 597 ad
484 530 665 600 Hermanni
700 531 976 600 distributionem.
998 567 1043 588 -
1076 530 1177 602 Ἐπεὶ

67 626 100 694 δ’
118 669 180 710 -,
203 631 353 723 apodosis
376 643 427 702 est
448 634 561 704 multis
582 635 759 725 interjectis
783 623 857 698 isto
878 630 907 699 δ’
923 626 991 700 οὖν.
1029 637 1176 722 Quonim

66 733 119 802 sie
141 733 204 802 sibi
227 735 445 827 oppositarum
461 739 691 829 particularum
712 735 796 805 ratio
813 737 893 806 latet
908 738 1086 806 neminem.
1123 742 1176 812 Ad

67 838 227 906 orationis
255 851 478 927 argumentum
508 853 617 910 autem
646 841 710 908 hoc
739 840 959 909 adnotandum
989 851 1054 922 est,
1092 840 1174 932 Agn-

64 965 279 1011 memnonem
301 943 506 1036 imperatoris
536 945 645 1014 olheiu
673 943 926 1013 satisfacientem
952 944 1038 1014 tiliae
1060 945 1173 1015 imola·

64 1045 156 1114 lione
184 1069 275 1113 saera
303 1049 371 1136 jura
401 1049 600 1118 matrimonii
628 1047 903 1137 humanitatisque
932 1059 965 1115 et
989 1049 1095 1118 officia
1118 1073 1174 1142 ps-

64 1159 158 1217 terua
182 1150 324 1241 laedere.
368 1151 452 1220 Nam
475 1175 565 1220 sacra
589 1163 627 1219 ut
648 1151 732 1242 apud
755 1173 817 1218 nos
840 1149 974 1218 Graecis
996 1155 1172 1242 conjugum

63 1251 314 1343 liberorumque
337 1265 429 1321 erant
449 1259 529 1345 jura.
553 1278 642 1322 saera
659 1254 758 1347 patris
780 1253 896 1320 olheia.
941 1253 1036 1323 Ritus
1058 1255 1172 1324 immo-

61 1355 160 1422 landi
181 1355 342 1435 bominis,
373 1359 453 1426 adeo
475 1359 562 1426 fitius
583 1359 699 1426 unicae
728 1357 768 1424 ad
791 1355 998 1424 orientalium
1020 1360 1172 1450 supersti-

62 1457 178 1525 tiones
201 1481 241 1526 ac
261 1459 434 1548 religiones
455 1461 606 1528 barbaras
628 1461 781 1552 pertinet,
811 1458 1008 1549 Graecisque
1031 1485 1049 1527 a
1072 1463 1172 1530 sacris

60 1561 200 1653 proprie
228 1560 389 1630 abhorret.
439 1567 548 1651 Quem
576 1565 772 1632 Graecorum
797 1563 910 1655 proavi
945 1565 979 1630 in
1009 1565 1172 1633 maritima

59 1664 164 1732 Asiae
193 1665 330 1732 minoris
360 1690 413 1734 ora
443 1667 627 1736 habitantes
655 1693 672 1735 a
703 1665 923 1736 Phoenicibus
951 1677 1008 1736 aut
1033 1668 1172 1740 Caribus

60 1768 163 1836 simul
185 1793 224 1836 ac
247 1781 352 1838 cetera
368 1769 544 1839 Artemidis
566 1795 657 1839 sacra
674 1795 840 1863 accepere,
863 1781 897 1838 et
912 1771 1004 1840 inviti
1021 1771 1169 1864 quidenna
1246 1825 1250 1834 ,

61 1873 153 1966 quod
181 1871 242 1940 hac
263 1873 519 1962 Agamemnonis
547 1875 657 1942 fabula
686 1874 843 1964 omnique
866 1871 1095 1966 Pelopidarum
1123 1875 1171 1944 hi-

60 1977 164 2046 storia
199 1977 344 2044 docetur.
397 1975 477 2044 Post
509 1978 634 2068 priscos
668 1975 872 2066 incultusque
906 1976 996 2044 Deos
1032 1977 1170 2072 imperio

61 2079 177 2172 pulsos
198 2079 372 2147 humanior
393 2103 452 2172 per
472 2079 591 2148 Jovcrn
614 2079 739 2148 exstitit
754 2083 858 2161 aetas,'
875 2079 1046 2150 hominum
1068 2081 1169 2173 digni·

60 2195 133 2252 tate
154 2184 372 2253 invalescente
401 2194 439 2250 ut
465 2184 498 2250 in
521 2183 630 2251 Prom.
661 2183 835 2276 exponitur
863 2195 896 2253 et
924 2209 1014 2276 supr.
1039 2210 1070 2254 v.
1095 2188 1167 2255 143.

60 2288 272 2376 significatur.
317 2287 364 2354 Ea
389 2298 440 2354 est
454 2286 553 2376 igitur
566 2287 663 2377 hujus
679 2288 806 2355 labulse
821 2287 923 2377 origo.
967 2288 1011 2357 lta
1028 2288 1170 2379 beschy-

58 2391 113 2460 lus
137 2392 272 2482 quidem
295 2399 333 2454 ut
346 2389 624 2476 Agamemnonem
648 2390 749 2458 virilis
772 2389 872 2471 cilicii
894 2390 1089 2458 necessitate
1105 2390 1168 2460 ista

58 2497 101 2563 ad
126 2494 212 2561 banc
235 2491 497 2557 immolationem
518 2489 595 2555 dicit
620 2491 653 2556 h.
676 2490 699 2553 l.
729 2492 877 2558 adactum
901 2515 993 2570 esse,
1022 2493 1170 2560 siceum

57 2611 95 2667 ut
119 2609 249 2689 patrem
271 2593 372 2683 impie
395 2592 511 2660 iecisse
534 2614 600 2658 non
623 2590 822 2674 dissimulat,
845 2614 949 2679 eaque
971 2602 1039 2660 arte
1063 2593 1170 2662 effecit

57 2701 199 2770 heroem
228 2696 391 2786 tragoedia
420 2695 570 2784 dignum:
603 2693 736 2766 Aristot.
763 2691 856 2762 Poet.
884 2692 959 2760 Xll·
990 2697 1021 2762 2.
1068 2694 1169 2764 Verto

57 2805 172 2871 locum
196 2801 260 2868 sie:
279 2785 461 2890 postquem
476 2797 582 2888 igitur
594 2796 810 2865 necessitatis
823 2799 943 2890 pirgum
956 2797 1059 2866 subiit
1081 2799 1170 2889 (cogi

59 2929 96 2974 se
117 2927 235 2999 passus
259 2908 345 2988 est),
372 2914 515 2970 mentem
541 2900 681 2992 spirens
707 2899 743 2967 in
765 2903 866 2991 pejrrs
892 2907 1081 2982 snectutem,
1108 2903 1168 2970 im·

56 3011 167 3101 pinni,
186 3007 396 3099 prrosunnrn:
418 3029 486 3096 prro
510 3028 558 3074 ex
579 3008 699 3074 mentis
720 3006 909 3073 mutatione
930 3007 981 3073 ed
993 3006 1167 3097 quenlibet

61 3113 251 3180 eredendum
274 3112 309 3178 in
325 3111 526 3178 mortalibus
542 3121 721 3200 promptus
741 3107 931 3177 exstiterit:
952 3131 1035 3176 nom
1055 3110 1165 3178 ondo-

19 3283 23 3287 .
56 3218 150 3284 dent
170 3214 283 3305 gignit
305 3215 479 3303 impudens
501 3213 631 3302 infelix
648 3213 765 3301 primo
786 3233 903 3276 noxa.-
924 3210 1084 3278 sustinru't
1103 3211 1167 3298 igi-

62 3331 115 3387 tm·
137 3330 314 3386 mactator
324 3313 434 3406 filine
445 3314 533 3405 fier-i
556 3337 621 3402 pren
644 3324 731 3380 esset
754 3305 924 3377 erexilinne
946 3312 1093 3400 srmeepti
1115 3313 1168 3378 nd

59 3446 190 3511 poenos
210 3422 253 3488 ob
275 3432 417 3510 neptem
438 3418 608 3484 mulierem
630 3414 867 3503 exsequendos
888 3412 980 3490 belli,
1002 3424 1037 3480 et
1058 3415 1166 3484 socri.

54 3525 174 3614 ficium
199 3547 266 3615 pro
294 3521 440 3592 novibus
452 3520 605 3610 snctrrm.
650 3516 804 3586 Difficilis
832 3537 912 3583 sane
941 3513 1164 3610 interpretatio

63 3631 229 3698 verborum
253 3619 364 3712 φρενὸς
384 3621 486 3690 πνέων
507 3628 600 3688 δυσσ.
616 3647 699 3708 epos.
717 3659 776 3701 -,
796 3612 1075 3694 reineresbrunnen.
1091 3649 1163 3708 φρο.

62 3738 123 3797 νεῖν
142 3729 284 3818 μετέγνω
301 3757 343 3790 =
359 3729 578 3798 mutationem
594 3726 702 3794 enimi
716 3727 855 3815 spirens
870 3724 1012 3810 impiam
1026 3763 1068 3776 --
1084 3728 1164 3796 inde

62 3847 191 3903 mutato
213 3833 354 3900 consilio
376 3833 524 3900 decreuit
540 3829 805 3898 ontineissimnm
816 3827 966 3917 see-inus
984 3829 1163 3918 srmeipere.

63 3937 173 4030 Longe
204 3937 297 4004 aliter
324 3936 438 4004 Elmsl.
468 3932 582 4006 ὂνοῦς
610 3930 735 3999 scilicet
761 3940 811 4014 βρ.
837 3951 903 4013 μετ.
931 3957 981 4014 φρ.
1010 3956 1035 3994 e.
1056 3951 1165 3992 παννι·

64 4042 188 4112 mortni
212 4064 287 4108 men
315 4051 431 4128 repent
459 4037 506 4128 os
523 4035 613 4102 their·
634 4031 907 4102 undeciensness.
957 4029 1163 4101 Conterenda

65 4149 169 4234 potius
193 4143 378 4211 Cusauboni
397 4142 492 4212 ,ratim
537 4139 598 4206 Est
618 4159 694 4204 vero
717 4136 748 4202 h.
768 4135 789 4202 Ι.
812 4123 1164 4220 Ιιιετοιγιγνῶσνειν,

67 4262 192 4324 minoto
216 4246 330 4315 animo
353 4246 547 4322 decernere,
575 4243 669 4332 ,cujus
692 4240 819 4329 generis
843 4239 903 4304 alia
927 4237 1025 4324 babet
1047 4231 1161 4301 Heind.

914 4352 946 4417 Η
997 4359 1000 4366 ,
