2808 4850
258 209 312 286 ΙΝ
331 207 568 286 susem
586 204 1007 288 Auammouttut
1112 209 1182 286 tos

79 404 244 472 Hernicis:
268 396 309 474 α’.
345 419 424 486 δεξιοὶ
437 415 503 490 μὶν,
521 415 703 490 scarduonem
720 413 752 477 dl
770 417 911 490 unionum
928 423 1080 496 seposuit-a

96 539 101 548 -
138 545 182 560 --
271 500 309 590 β’.
342 500 460 566 aluum
477 497 593 564 uitem
609 500 682 580 siai·
699 507 731 564 τὸ
749 507 777 564 δ’
791 493 828 564 ari
843 506 961 566 ὠιώω.

80 612 233 682 Reeunit
259 635 299 679 ea*
317 610 504 678 cantilenae
531 609 622 678 ebori
650 610 734 678 ratio
754 622 820 693 ter,
854 636 884 678 v.
915 613 977 680 171
993 611 1123 680 -illb
1152 621 1187 680 et

80 716 245 784 dit'lieilior
265 715 412 804 cognitu,
441 739 472 782 v.
498 715 736 784 ltus—1345.
781 716 1068 784 Alteriuscantus
1096 713 1187 783 insti-

81 821 165 888 tutio
187 821 259 887 sine
280 819 413 886 alterius
435 819 677 911 comparatione
699 821 838 913 perspici
854 820 977 914 nequit,
1001 829 1036 887 et
1057 839 1186 910 compu-

80 926 157 991 ratis
183 923 243 992 lris·
263 925 416 992 omnibus
444 947 556 992 esrum
583 947 693 992 rerum
721 926 829 1016 uliqna
858 923 1000 1014 cognitio
1033 923 1185 1014 aperitur.

80 1028 123 1095 tt
144 1027 279 1118 tungrim
303 1037 353 1096 est
375 1039 410 1095 et
432 1027 472 1094 ab
487 1028 551 1094 hoc
565 1028 639 1095 loeo
662 1028 805 1095 alicuem
820 1029 900 1096 satis
920 1051 992 1097 erm
1006 1025 1184 1118 explicares

81 1118 278 1223 quarbquam
305 1132 361 1198 lex
387 1131 550 1222 quaedam
578 1141 613 1198 et
632 1153 764 1212 nonna,
791 1153 889 1222 quom
916 1131 951 1197 in
972 1133 1119 1199 versibus
1140 1131 1186 1198 dt

80 1236 285 1325 stinguoudis
312 1257 379 1300 non
408 1233 518 1300 suiuus
549 1247 649 1325 quum
679 1235 759 1302 alias
789 1235 987 1325 sequendam
1023 1245 1186 1326 putamus,

80 1339 180 1405 simul
211 1338 402 1428 explicatur.
444 1337 595 1426 Namque
622 1339 787 1407 Porsonus
815 1350 902 1406 reete
928 1341 996 1429 jam
1022 1337 1189 1429 praecepit

82 1442 118 1506 iu
143 1440 269 1510 melicis
291 1441 486 1531 tragicorum
507 1441 693 1529 systematis
716 1441 936 1510 describendis
957 1441 991 1508 id
1011 1441 1189 1508 curandum

81 1567 173 1629 csse,
203 1555 241 1612 ut
263 1545 377 1612 eadem
405 1554 462 1612 aut
483 1544 600 1612 similis
620 1567 771 1612 versuum
794 1545 921 1637 species
948 1567 1047 1636 quom
1069 1543 1189 1635 saepis·

81 1651 167 1718 sitne
194 1657 348 1716 recurrat.
397 1648 602 1740 llepetcbcnt
636 1647 724 1716 enirn
758 1649 890 1740 saepius
920 1655 1039 1742 potitae
1064 1645 1187 1716 scenici

82 1774 252 1830 versuum,
282 1764 476 1835 metrorum,
504 1753 704 1843 pariterque,
738 1777 798 1844 per
820 1753 957 1822 eandem
987 1763 1076 1822 cette
1095 1750 1187 1818 tam
1261 1783 1266 1794 =

82 1857 165 1939 laur,
200 1853 412 1924 clroriearum'
430 1879 489 1922 seu
517 1856 754 1947 strophicorum
780 1857 1021 1924 institutionum
1050 1856 1187 1946 speeies.

81 1961 288 2052 Repetobant
309 1983 388 2028 vcro
417 1958 741 2049 etiamsingulurum
768 1983 920 2028 vcmuum
942 1957 1188 2050 complexiones

83 2076 118 2132 ct
149 2064 275 2131 similes
308 2075 364 2130 aut
391 2063 523 2147 easdem
553 2063 704 2130 metricas
733 2064 969 2132 connexiones:
1005 2063 1040 2130 in
1067 2063 1188 2156 quibus

82 2179 170 2236 recte
191 2165 428 2257 distinguendis
450 2167 732 2236 eedeseribendis
755 2169 894 2236 maximo
915 2191 1013 2260 opera
1035 2167 1188 2259 ponenda

83 2283 144 2340 est
188 2272 296 2358 Quam
323 2271 497 2339 sublevant
521 2269 620 2363 saepti
648 2274 883 2342 sententiarum
912 2271 994 2340 lines
1021 2284 1119 2362 etque
1142 2271 1188 2338 iu·

81 2375 345 2467 terpunetioncs3
368 2395 467 2462 saepe
488 2395 566 2440 vcro
588 2397 699 2442 eorum
722 2376 784 2442 clia
805 2378 888 2444 ratio
910 2376 943 2442 iu
959 2376 1103 2467 stropho,
1125 2373 1199 2455 aliu¹
1300 2421 1305 2427 -

81 2481 117 2546 in
141 2475 344 2566 antistropha
367 2473 629 2564 deprehenditur,
651 2487 689 2542 ut
710 2477 772 2544 hoe
787 2479 968 2546 subsidium
990 2501 1104 2568 purum
1126 2477 1191 2543 sul·

80 2584 183 2652 ficiat.
228 2580 326 2651 Tum.
349 2587 387 2642 ut
408 2587 533 2642 taccam
556 2577 596 2644 de
619 2577 719 2659 hiatu,
741 2579 833 2646 litem
853 2580 890 2644 iu
912 2578 1024 2646 multis
1047 2580 1191 2648 numeria

80 2686 275 2764 dirimente,
305 2680 385 2748 illud
406 2681 601 2762 videndum,
634 2673 822 2772 lrangautur
847 2703 887 2749 an
910 2681 1119 2751 intendantur
1140 2692 1190 2764 e'a,

81 2813 183 2882 quam
207 2796 329 2854 rectam
350 2796 520 2877 putamus,
543 2810 695 2855 versuum
717 2787 927 2856 distinctione
949 2808 1083 2872 vocum,
1105 2811 1191 2880 quae

85 2895 222 2974 debent,
246 2891 331 2958 vires
353 2911 391 2956 ac
413 2890 504 2958 nervi
531 2891 592 2975 (cs.
614 2903 681 2961 not
705 2905 804 2962 nostri
828 2894 869 2960 ad
889 2917 920 2960 v.
946 2891 1064 2978 1262„
1091 2897 1190 2960 niodo
1233 2907 1236 2914 ⁴

86 3022 128 3066 ne
151 3021 178 3062 a.
192 2996 265 3063 solo
280 3017 409 3086 semper
422 2992 491 3062 ictu
504 2996 571 3063 vim
585 2995 719 3065 vocibus
735 2998 847 3065 credas
863 2997 949 3079 addi,
973 3021 1074 3087 quum
1091 2997 1191 3065 etiam

86 3105 121 3168 in
142 3100 227 3168 thesi
250 3099 419 3188 longarum
442 3099 638 3190 syllabarum
660 3101 710 3169 vis
732 3123 799 3170 nou
821 3101 956 3168 minima
980 3123 1053 3168 esse
1074 3101 1190 3179 soltcut,

86 3206 121 3270 in
144 3204 262 3296 quibus
285 3204 406 3294 quippe
428 3202 576 3270 recitatio
590 3205 710 3272 morari
726 3215 869 3293 cogatur.
908 3205 1005 3288 Quod
1025 3215 1097 3268 tum
1111 3226 1191 3292 quo·

88 3333 153 3400 quc
174 3307 512 3389 animadvertendum,
535 3307 591 3374 ubi
614 3308 742 3375 dubitas
764 3315 805 3375 de
822 3327 974 3375 versuum
997 3327 1133 3393 generez
1157 3305 1192 3371 iu

88 3437 154 3504 qua
174 3437 210 3482 rc
232 3421 399 3505 praeterea
422 3408 559 3477 actionis
581 3431 859 3502 personarumque
873 3407 1077 3475 recitantium
1101 3407 1190 3476 indo·

90 3519 137 3586 les
166 3518 350 3610 reputanda·
372 3538 410 3582 ac
438 3507 610 3599 χαρακτήρ.
657 3513 723 3582 Ubi
751 3539 789 3583 es
819 3513 928 3582 omniu
955 3513 1192 3584 dubitationem

92 3645 156 3690 non
179 3621 367 3702 sublevant,
392 3619 437 3688 ibi
461 3618 548 3710 quod
569 3621 706 3713 semper
721 3619 973 3704 consulendum,
997 3620 1122 3688 curium
1144 3622 1190 3712 ju·

91 3729 210 3796 dicium
233 3726 368 3793 omnino
390 3749 537 3816 sequare.
642 3721 644 3728 ’
1001 3779 1004 3786 .

166 3830 322 3920 Denique
332 3845 487 3898 sensuum
500 3829 798 3920 cogitationumque
810 3830 936 3920 legibus
947 3828 1192 3916 rationibusque

92 3961 192 4025 genus
206 3957 358 4004 versuum
374 3959 411 4001 ac
424 3931 659 4024 systhcmatum
672 3933 871 4001 choricorum
885 3934 1107 4024 obtemperare
1121 3951 1191 4017 pru·

92 4042 229 4121 litemus,
246 4038 392 4128 nequis,
411 4037 499 4128 quod
515 4037 622 4102 tacdct
637 4037 788 4104 omnibus
805 4038 884 4105 lucis
900 4031 1124 4124 descriptionis
1140 4055 1192 4102 cu·

94 4146 207 4238 jusquc
230 4166 342 4211 erosas
359 4142 530 4232 exponere,
554 4140 725 4232 temerario
748 4141 880 4208 arbitrio
903 4165 940 4207 ca
957 4138 1008 4226 agi
1031 4147 1169 4204 accuset.

89 4290 94 4300 ,
176 4247 373 4320 Addendum
395 4255 519 4328 autem,
552 4244 663 4312 statim
690 4257 822 4338 propter
849 4265 978 4324 versus,
1012 4261 1192 4332 equorum
