2778 4844
226 223 303 304 xua
319 223 557 305 ausuum
574 205 995 306 acaunnmounm
1101 231 1170 308 aar

64 415 108 484 ll.
134 443 167 510 p.
182 419 248 489 935
271 423 340 513 sq.)
362 422 439 490 salis
462 421 701 492 confirmarunt.
746 422 898 492 Absonus
920 444 1050 516 quoque
1072 395 1172 494 mule·
1227 381 1229 392 Ι
1280 512 1287 522 ἢ

64 533 205 612 utusque
226 524 361 618 pluralis
383 522 549 610 ἆφεμένων
569 528 612 595 de
632 551 698 594 una
713 525 850 608 Helena,
872 551 957 619 quae
978 529 1087 597 statim
1109 531 1172 597 sin·

64 627 172 716 gulari
195 651 331 697 numero
353 626 539 715 ὑπερπωηία
560 631 686 699 dicitur.
731 629 816 697 Hinc
838 623 1008 714 ἅφεμὲυων
1034 646 1070 700 ut
1093 634 1171 702 alias
1267 655 1270 668 ·

63 732 142 800 erite
166 755 291 811 carran,
311 731 372 823 qui
392 735 589 822 (mulierem)
610 735 824 816 „dineiseraat
869 733 1032 804 Nimirum
1055 738 1172 806 domus

63 836 175 925 regiae
196 838 336 906 ministri
358 838 493 908 amicire
515 840 635 921 (lorsan
652 838 782 922 chorus)
804 835 965 906 Helenam
981 863 1048 906 uon
1066 851 1170 909 custo·

63 937 224 1023 diverunt,
246 941 382 1009 evadere
405 966 480 1010 eum
496 943 644 1010 adultero
659 943 810 1008 siverunt.
856 939 908 1007 Ob
931 941 965 1008 id
983 942 1090 1011 timeri
1113 967 1169 1035 po-

60 1053 149 1112 terat
169 1043 253 1132 regis
276 1044 322 1111 ira
346 1044 379 1112 in
401 1043 519 1112 horum
540 1046 646 1140 primo
668 1043 827 1110 incuriam
850 1067 1032 1136 erumpens,
1056 1069 1168 1138 exspe-

60 1145 144 1214 ctari
166 1147 285 1216 deiude
307 1159 445 1239 poterat,
467 1147 539 1216 iore
560 1157 598 1214 ut
619 1171 676 1216 rex
699 1156 774 1239 post
794 1145 878 1214 iram
892 1147 1105 1234 significatam
1127 1149 1168 1216 ad

58 1251 309 1340 persequendos
338 1249 500 1317 adulteros
529 1248 581 1317 vel
609 1254 716 1339 jussu,
754 1249 806 1318 vel
834 1249 982 1340 precibus
1000 1251 1168 1343 *quosdam

56 1351 223 1422 incitaret·
269 1352 394 1419 Horum
408 1363 560 1423 neutrum
575 1352 694 1422 evenit·
739 1353 814 1422 Nec
833 1354 1073 1431 notaveram,
1094 1375 1169 1424 con·

56 1454 206 1522 viciiaue
222 1455 338 1545 petiit,
357 1477 419 1524 nec
441 1457 492 1524 ad
507 1478 628 1546 preces
644 1467 767 1544 postea
782 1455 964 1526 descendit.
1006 1455 1050 1524 Et
1067 1456 1169 1526 admi·
1291 1511 1295 1517 .

56 1580 175 1626 remur
197 1557 231 1624 in
254 1557 306 1628 his
326 1581 483 1628 sensuum
506 1558 744 1649 affectuumque
766 1558 914 1630 ordinem
938 1581 977 1628 ao
997 1557 1170 1629 decursmn

58 1661 353 1751 elegantissimum.
401 1660 509 1730 Primo
536 1661 610 1732 loco
631 1661 752 1734 Noster
779 1662 882 1732 utitur
908 1685 989 1734 voce
1011 1663 1083 1733 miti
1105 1651 1167 1728 ὅτι.

57 1789 129 1847 μσς,
150 1763 300 1856 sequitur
320 1763 434 1834 fortior
461 1759 629 1850 ὢοίδορος.
672 1763 843 1835 Postremo
871 1765 954 1836 redit
981 1765 1055 1836 leue
1078 1790 1166 1857 prae·

58 1870 224 1954 dicatum,
249 1855 384 1943 ditarem
426 1867 590 1938 Nimirum
623 1890 641 1934 a
669 1889 798 1938 summo
832 1869 1007 1938 affectuum
1041 1869 1167 1938 lervore

57 1970 149 2040 haud
169 1992 243 2040 raro
264 1993 328 2040 nec
350 1970 482 2062 opinato
504 1971 638 2061 quidam
660 1971 702 2039 ad
716 1971 883 2040 molliores
903 1995 1020 2040 seusus
1036 1970 1167 2040 descen-

58 2074 152 2144 dunt.
177 2111 221 2128 -
243 2072 354 2142 Unum
376 2074 439 2142 hoc
461 2075 620 2144 addimus.
665 2073 806 2146 'l'emere
828 2074 960 2166 quidam
982 2075 1167 2164 subiectum

58 2180 162 2248 totius
183 2177 249 2249 loci
262 2177 450 2248 Menelaum
473 2202 545 2248 esse
567 2200 665 2270 posse
685 2189 854 2270 negarunt,
877 2179 1031 2250 nimirum
1053 2180 1166 2250 imme·

58 2305 185 2366 mores,
215 2282 407 2352 antecedere
435 2278 536 2366 στίβοι
563 2274 790 2366 φιλάνορες,
816 2293 853 2350 et
878 2283 973 2373 sequi
999 2275 1105 2360 udam
1132 2276 1163 2344 δ’

59 2386 145 2456 etc.”
169 2383 408 2454 -Praeterea
431 2383 627 2462 casauboni,
650 2407 726 2456 cum
740 2384 925 2452 Scholiasta
948 2384 1015 2452 lere
1031 2405 1166 2472 congru-

59 2489 146 2558 entis
178 2485 420 2577 interpretatio,
457 2484 617 2575 imprimis
654 2486 897 2558 consideranda.
954 2487 1166 2557 Germanicae

57 2591 221 2661 versionis
242 2588 425 2680 periculum
445 2597 594 2656 nostram
615 2584 679 2652 hoc
701 2597 766 2654 est:

57 2729 113 2790 δίε
130 2725 203 2802 llesa
227 2727 284 2786 den
301 2723 532 2785 Stadtmtum
547 2721 932 2800 Seblldtriiger·7'ummelu
950 2724 1013 2781 und
1027 2721 1165 2803 Spenge-

262 2813 369 2891 drr'ing'
386 2813 449 2869 aad
462 2807 998 2888 Schafferdllrer·l(riegaderoaffnnag.
1047 2885 1051 2890 ι

63 2901 131 2960 llud
146 2900 294 2978 bringend
307 2907 386 2955 atatt
403 2899 456 2957 cler
472 2895 591 2975 Milgift
613 2895 726 2968 Troja's
745 2895 919 2974 Ualergang

61 2985 185 3044 Durclr's
204 2983 283 3042 Ther
299 2983 434 3062 eiffertig
450 2977 492 3039 ist
508 2985 552 3040 aie
569 2981 676 3039 linares
694 2982 728 3042 V
724 2999 868 3062 ermegnes
884 2983 1015 3060 magend.

63 3071 207 3147 Wolsaed
222 3069 360 3144 aeusztea
377 3071 450 3128 drot
468 3069 525 3126 dar
541 3067 628 3126 Hans
645 3088 679 3124 so
698 3067 851 3126 onredend
864 3069 943 3128 aeine
960 3067 1066 3128 Sedere

64 3155 183 3227 Ornet,
201 3179 219 3214 o
236 3154 312 3224 med,
330 3154 432 3214 Hans!
450 3175 468 3212 o
485 3153 571 3214 Hans
588 3153 652 3211 und
666 3152 826 3212 Herracher
843 3153 929 3212 driu!

65 3242 181 3313 owed,
200 3243 242 3300 du
257 3234 343 3312 aar,
360 3241 423 3297 aad
438 3240 479 3297 du
496 3239 576 3316 Spar
592 3240 646 3296 der
662 3237 877 3296 Manneahald!

63 3328 121 3390 Der
137 3329 218 3387 arche
236 3328 279 3385 da
295 3335 403 3382 atumm
422 3327 467 3382 dei
485 3326 537 3384 der
553 3322 805 3391 Schmachaoll'o‚
822 3319 902 3378 nicht
920 3321 1072 3379 scheltrnd
1086 3324 1136 3390 aie,

98 3459 107 3474 .
140 3457 149 3472 .
185 3455 193 3470 .
230 3453 237 3469 .
258 3412 322 3469 Gar
338 3408 426 3483 ronst
443 3410 500 3466 den
516 3407 696 3482 Schuld'geo
713 3404 918 3464 aazuschau'n.

66 3499 135 3558 Dem
156 3499 249 3556 Gram
266 3493 344 3554 nach
360 3493 408 3551 ihr
425 3493 534 3551 uber'm
551 3493 631 3552 Merr-

66 3581 183 3643 deterat
201 3582 249 3640 ihr
264 3581 378 3639 Aaoild
392 3581 433 3637 im
450 3579 537 3638 Hans
554 3598 592 3636 zu
609 3578 724 3637 wallon.
811 3571 814 3578 ¹

67 3657 325 3749 Schdngej‘ormter
341 3664 464 3725 Statd'n
481 3665 630 3724 Liebreize
646 3663 754 3724 widem
771 3663 837 3722 dem
855 3663 946 3721 Maon
964 3683 1012 3721 on.

67 3744 229 3814 Darn‘oom
247 3752 404 3810 dlicklosen
421 3751 632 3811 Sclartmtitd

68 3840 143 3922 Weg
151 3838 269 3916 flaeucht
284 3857 364 3918 ganz
380 3837 553 3914 Aphrodite.

67 3925 98 3983 lu
110 3926 333 4005 Traumgeatalt
350 3925 422 3982 ader
435 3925 657 4002 gramoeugend
671 3930 765 3981 trater
783 3918 845 3992 uus
857 3919 1063 3989 nutatura,
1081 3930 1162 3992 trug-

260 4013 338 4069 uolle
354 4012 430 4068 Lust
445 4008 630 4088 gerodhreud.

68 4127 218 4198 Similiter
232 4126 349 4195 cecinit
360 4125 510 4194 Hallerus
522 4134 633 4192 noster
646 4122 788 4190 carmine
801 4120 835 4187 in
849 4121 973 4190 obitum
985 4117 1159 4184 Marianae.

68 4228 158 4303 Both.
170 4234 205 4302 in
215 4230 351 4322 repetita
364 4229 440 4297 edit.
452 4238 584 4320 propter
599 4224 722 4294 antistr·
734 4225 888 4313 conjecit:
906 4214 1039 4303 Πάρεσπ
1054 4217 1118 4303 σῖγ’
1132 4220 1164 4290 e’c

895 4343 909 4407 l
921 4343 942 4407 2
