2778 4844
254 163 308 244 nu
326 161 564 244 usnam
580 143 1000 246 Annuntnonun
1106 169 1176 244 aas
1216 173 1219 184 ’
1300 244 1308 264 ,

81 360 187 427 mirari
210 361 386 452 possimus.
417 358 577 452 Exemplo
595 360 697 452 ipsius
713 359 993 452 Clytaemnestrae
1008 362 1075 430 tilia
1088 361 1179 432 Elee-

80 474 129 531 tra
151 475 201 532 est
222 467 309 558 apud
330 464 527 556 Aeschylum
549 463 583 530 iu
607 465 754 556 Choeplr.
778 477 813 534 et
834 489 887 558 ap.
909 466 1011 559 Soph·
1033 468 1066 534 in
1088 468 1178 535 Eleo

81 579 138 636 tra.
180 569 351 642 Praeterea
375 569 472 638 etiam
495 569 530 636 in
552 569 603 636 his
625 569 746 659 aliquid
768 569 951 638 acerbitatis
972 571 1069 651 inest,
1091 571 1180 663 quod

71 671 174 761 fremo
196 674 297 764 ignis,
319 677 411 764 cujus
433 672 621 742 testimonio
637 672 763 742 Chorus
784 673 917 762 reginae
939 685 1035 742 autea
1055 675 1181 744 dixerat

79 773 167 846 nolle
188 803 225 848 se
253 779 350 848 fidem
373 777 509 859 habere,
539 775 650 866 regina
673 775 864 872 pulverem,
892 771 1012 842 κάσιν
1039 780 1180 858 πηλοῦ,

31 867 34 876 ’
81 881 235 950 anuntio
265 881 457 950 adveniente
485 880 677 962 excitatum,
706 881 856 972 opponite
881 880 986 950 immo
1008 905 1051 952 ex
1076 882 1179 950 animi

80 985 253 1056 acerbitate
273 987 407 1056 fluxisse
428 984 525 1068 haec,
547 984 582 1054 in
605 1007 669 1074 qua
691 983 826 1052 haerent
847 984 1055 1076 interpretes,
1078 985 1179 1056 dictio

79 1090 219 1178 putanda
233 1101 299 1174 est3
314 1090 390 1158 inde
403 1098 437 1156 et
448 1087 535 1178 quod
547 1111 602 1170 μοι
612 1087 786 1178 opponitur
797 1087 880 1156 illurl
889 1111 951 1167 σοι,
962 1089 1031 1156 lue.
1040 1089 1111 1172 tibi,
1121 1089 1179 1180 qui

79 1217 133 1258 rue
144 1192 227 1280 ignis
243 1193 336 1283 signo
347 1204 471 1260 temere
483 1190 613 1260 credere
629 1191 744 1280 arguis·
769 1190 971 1260 Conferenda
985 1203 1182 1264 antemsunt

78 1319 163 1384 quae
178 1296 375 1384 legunturS.
392 1320 419 1364 c.
431 1295 492 1361 Th.
509 1319 538 1362 v·
549 1295 603 1364 80.
630 1291 761 1378 Αἰβέρια
775 1287 861 1370 κόνις
875 1321 917 1379 με
931 1291 1032 1369 asian
1046 1291 1180 1380 maara,

81 1388 223 1472 ἄναυδος
249 1393 353 1481 σαφὴς
382 1423 434 1460 etv
433 1423 492 1481 μος
517 1385 654 1482 ἄγγελος
683 1409 766 1467 etv.
787 1393 1003 1485 415ωλιγν1ν
1026 1396 1182 1484 μέλαιναν

81 1491 194 1579 αἰόλην
214 1494 310 1586 anate
330 1495 434 1570 κάσιν.
466 1501 619 1570 Procedit
632 1511 740 1568 autem
757 1501 866 1594 pulvis
883 1524 958 1570 curn
974 1502 1137 1576 veniente.

168 1629 197 1674 v.
221 1607 297 1676 390.
340 1599 436 1670 ’'Ann
464 1593 551 1682 nro
578 1599 736 1688 χαίρειν
758 1603 915 1690 μᾶλλον
940 1597 1101 1690 ἐκβάξει
1126 1601 1180 1670 λε’-

78 1733 160 1791 γων
174 1747 229 1772 -.
274 1708 379 1798 Hujus
408 1707 640 1802 aposioposeos
667 1731 798 1777 eausam
825 1733 897 1778 esse
918 1701 1181 1782 Hermannusn.

78 1811 121 1878 arl
143 1811 219 1900 Vig.
248 1837 279 1903 p.
303 1813 378 1882 370.
401 1813 494 1894 dicit,
526 1812 615 1902 quod
644 1812 815 1881 verebatur
836 1812 1094 1902 Clytaemnestra
1124 1813 1180 1882 ali-

79 1915 158 2004 quid
180 1925 216 1982 ut
237 1915 375 2006 impium
397 1927 454 1984 aut
468 1915 553 1984 male
576 1916 756 1982 ominatum
773 1915 882 1982 dicere
898 1917 1083 1985 denuntior
1111 1917 1155 1988 V
1148 1940 1181 1999 ο,-

24 2103 26 2108 ,
79 2017 191 2097 lebat,
218 2018 339 2110 inquit,
369 2019 498 2088 dicere:
524 2021 588 2087 scd
607 2031 669 2088 aut
689 2019 850 2089 laetandi
876 2043 1019 2091 causam
1039 2023 1198 2119 afferet·

79 2135 142 2190 oret
163 2123 309 2190 dolendi.
343 2122 425 2190 Mihi
443 2135 553 2194 autem
575 2125 702 2194 videtur
723 2124 968 2217 pronuntiatura
983 2125 1101 2196 fuisse:
1125 2136 1182 2194 aut

80 2228 177 2296 ctiam
205 2231 363 2322 majorem
391 2228 549 2296 laetitiam
579 2228 746 2298 anthane
774 2241 860 2302 certe
883 2231 1012 2320 afferet3
1042 2199 1181 2318 <contia-

79 2332 164 2399 rinm
187 2343 297 2400 autem
320 2332 430 2422 eloqui
452 2329 556 2416 nolo).

165 2435 295 2506 v..396
318 2457 389 2524 sqq
435 2427 559 2512 Δεκάτῳ
581 2459 694 2518 (poppae
714 2429 815 2514 τῷδΗ
806 2425 892 2510 ετους
922 2437 1017 2518 (,‚lm
1040 2437 1182 2507 zehuteu

77 2536 324 2616 Jahresliehte,”
348 2535 484 2620 Voss.)
506 2534 639 2615 dictum,
662 2547 699 2604 ut
720 2538 754 2602 S.
772 2560 800 2604 c.
822 2538 884 2602 Th.
907 2531 1091 2622 προβῦμους
1111 2561 1183 2604 καν-

81 2635 165 2724 agric,-
187 2630 348 2722 Οἰδιπόδα,
368 2637 402 2704 h.
418 2663 447 2716 e,
470 2663 530 2732 per
552 2636 732 2728 enallagen,
756 2663 856 2730 quam
878 2641 1000 2722 dicunt,
1023 2645 1115 2732 eujus
1136 2643 1182 2710 iu-

81 2767 218 2811 numera
247 2743 379 2834 quidem
407 2742 493 2838 apud
527 2738 695 2834 utriusque
724 2743 854 2834 linguae
888 2750 1001 2838 pottas
1034 2746 1183 2839 exempla

81 2858 169 2926 sunt,
191 2847 249 2914 sed
272 2847 313 2914 ad
335 2869 433 2912 unam
457 2871 495 2914 ea
518 2871 666 2914 normam
682 2849 954 2916 non‘revocanda.
993 2849 1043 2918 Cf.
1059 2863 1126 2920 not.
1141 2853 1183 2920 arl

82 2975 110 3019 v·
135 2952 188 3021 74.
212 2953 264 3018 53.
289 2950 328 3020 al.
374 2949 525 3018 Correxit
547 2977 621 3020 curn
645 2952 716 3020 aliis
739 2951 835 3019 Both.
859 2945 1001 3018 δεκάτου.

170 3079 201 3123 v
223 3055 299 3126 399.
344 3051 499 3136 Μεῇέξειν
520 3046 670 3136 φιλτάτου
683 3047 787 3140 τάφον
800 3051 904 3140 μέρος,
926 3067 963 3124 ut
976 3055 1052 3125 Eur
1065 3059 1181 3150 Suppl.

86 3161 180 3227 1080.
201 3149 428 3243 prsrslaxse
391 3178 493 3234 rexne
514 3153 664 3224 Οἰδιπόδα
685 3158 793 3244 μέρος,
816 3171 850 3227 el
871 3161 940 3251 lph.
965 3161 1062 3228 Taur.
1087 3165 1183 3230 1310·

85 3259 224 3344 pressoria
245 3259 320 3347 ὑμῖν
346 3263 407 3326 νῶν
427 3259 654 3385 πεπραγμένων
674 3260 777 3346 μέρος.
820 3263 916 3328 Both.
939 3264 1063 3330 confert
1083 3263 1184 3354 Soplr.

87 3367 166 3434 Oed.
191 3367 228 3432 C.
253 3367 349 3434 1386.
372 3360 488 3447 ‘ineptia
509 3356 605 3447 χάριν
625 3355 819 3447 μετάσχοιμί
836 3391 907 3438 πως.

169 3494 201 3538 v.
225 3469 300 3538 403.
346 3457 465 3550 ἦλθες
495 3457 700 3551 ἀνάρσιος,
737 3463 848 3556 Margo
876 3467 1071 3536 Askcwiana
1099 3459 1185 3554 ἧσθ’,

88 3575 174 3662 quocl
195 3572 378 3643 conlirrnari
399 3583 557 3664 sequente
574 3561 643 3646 ἴσθι
658 3573 818 3641 assentior
833 3573 1050 3642 Blornsreldio.
1087 3574 1185 3644 Botlr.

90 3681 170 3768 conj.
192 3667 317 3762 ἅρσιος,
339 3679 538 3746 commodus.
584 3677 637 3745 De
659 3678 820 3746 sententia
843 3679 1014 3746 verborum
1037 3706 1128 3775 seqq.
1153 3695 1187 3750 et

91 3779 128 3848 tle
162 3806 200 3850 ea
235 3783 369 3850 deorum
402 3781 619 3873 appellatione
657 3781 741 3848 beno
780 3781 924 3872 disputat
955 3783 1185 3877 Spanhernius.

92 3883 186 3955 llraut
208 3900 316 3955 autem
340 3909 468 3964 eorum,
498 3885 555 3976 qui
582 3883 635 3951 hie
664 3885 868 3969 invocantur,
898 3888 1034 3956 deornm
1060 3901 1186 3956 statuae

24 3997 26 4012 '
93 3986 327 4060 hauddubie
318 4013 352 4055 ru
374 3988 500 4057 theatro
523 3986 711 4054 collocatae.
755 3989 871 4080 Neque
898 4013 964 4058 non
993 3995 1039 4058 ibi
1061 3993 1186 4084 conspi-

95 4095 255 4164 ciebantur
276 4090 426 4176 μέλαθρα
447 4086 605 4174 βασιλέων
625 4101 687 4159 eet.
702 4117 744 4161 -.v
769 4095 843 4164 410.
865 4095 942 4163 411.

174 4223 204 4272 v·
227 4195 303 4268 404
350 4185 437 4269 rope
458 4186 636 4279 eorrup-
659 4219 689 4265 v
706 4209 774 4266 nol.
793 4198 880 4268 adv.
897 4197 972 4265 435.
989 4195 1077 4263 etet.
1091 4197 1185 4267 1438
