2778 4844
236 187 304 259 ros
576 177 991 280 commoneamus
1076 261 1078 266 ,

232 379 324 485 quod.
341 375 362 456 ἢ
382 371 466 462 γυνὴ
486 381 538 461 (ut
558 399 656 470 supro
677 378 771 471 lepus
785 372 900 463 λαγίνη
921 375 1023 463 γέννα
1044 401 1074 446 v.
1099 379 1187 461 110.)
1209 376 1324 446 dubito.

234 485 285 552 Cl.
307 508 337 550 v.
360 485 436 552 849.
458 521 502 532 -
545 481 753 550 Humboldt.:

288 604 357 662 Und
371 601 620 676 oerfir'hrerr‘acder
636 601 699 660 rr'cb
714 604 875 662 eerlreiteo
892 601 1152 684 Weihergerr'tcvltc
1169 601 1258 660 ler‘clrt

286 689 359 750 Slelr
374 689 562 750 eerkr'r'ndmd
576 688 704 756 rodult,-
718 689 796 748 doeh
811 690 1047 754 continendae!
1061 689 1174 750 sconart

286 777 417 834 Eretirbt
435 775 513 834 auclr
529 777 634 836 wieder
650 778 886 856 roeibgeprr'esner
901 776 1007 838 Rubm.

233 867 345 936 Voss:
376 879 430 947 (In
448 877 707 938 Wcibcsobmacltt
720 880 863 958 geziemts

373 967 468 1023 Bevor
484 986 516 1022 es
534 967 661 1042 cintrifft
679 987 716 1023 zu
731 967 846 1042 prer'sen
856 965 935 1042 frob
955 966 1122 1034 Gescbick).

372 1050 599 1131 Ler'chtglir'ubig
620 1051 776 1130 empflingt
798 1073 868 1109 neno
889 1051 1137 1120 Fruunbesclreid,
1166 1051 1220 1108 der
1245 1049 1325 1108 beron

530 1137 594 1196 sicle
610 1137 754 1219 eclrror‘ngt

373 1224 421 1282 W
418 1227 444 1282 ie
449 1226 611 1303 gefiur'get,
623 1227 693 1284 aber
704 1225 780 1283 auch
790 1227 890 1284 roler‘m
898 1223 978 1304 Ftug
987 1223 1161 1284 entscllroebl
1170 1244 1237 1280 eom
1246 1223 1325 1282 ch'b

372 1309 561 1390 Aurgerusne
578 1311 652 1391 Sog’
673 1313 703 1368 in
719 1311 834 1372 Ilictta.

231 1401 399 1472 Sententia
422 1399 557 1492 repetita
580 1425 609 1468 v.
633 1399 708 1468 484.
731 1425 781 1492 sq.

319 1551 349 1594 v.
372 1523 448 1592 381.
471 1547 542 1614 sqq.
586 1521 679 1608 Haeo
701 1522 908 1590 Wellauems
935 1533 1028 1614 putat
1056 1519 1207 1610 Chorago
1238 1519 1323 1588 tribu-

232 1631 315 1698 enda
339 1653 427 1710 esse,
450 1627 553 1718 quod,
577 1627 652 1720 quia
676 1626 933 1717 Clytaemnestra
956 1651 1015 1718 per
1036 1635 1138 1692 totam
1161 1624 1248 1692 hanc
1266 1648 1323 1690 scc—
1374 1717 1375 1720 Ἴ

230 1737 307 1826 nain
334 1755 402 1800 non
429 1729 589 1824 loquitur,
619 1754 685 1798 non
708 1731 817 1798 videat
844 1729 885 1796 ad
907 1753 1005 1820 quem
1027 1729 1109 1796 illud
1131 1751 1183 1792 σοι
1205 1755 1239 1796 ν.
1261 1728 1321 1796 388.

230 1835 437 1906 referendum
459 1834 520 1915 sit,
549 1832 612 1901 nisi
635 1835 676 1900 ad
698 1833 1009 1924 Clytaemnestram,
1038 1845 1071 1900 et
1094 1835 1183 1924 quod
1206 1834 1323 1900 Chorus

230 1951 363 2036 propter
386 1963 460 2006 eum
484 1961 583 2031 quem
605 1937 639 2004 in
662 1937 787 2006 theatro
811 1937 978 2005 obtinebat
999 1937 1120 2018 locum,
1143 1940 1261 2030 procul
1280 1935 1322 2002 ad-

230 2045 398 2116 venientes
428 2041 549 2130 primas
580 2043 769 2134 conspicere
797 2041 932 2109 solebat.
986 2041 1158 2110 Consentit
1184 2041 1322 2110 Bothius.

228 2143 390 2237 Equidem
414 2143 496 2210 nihil
520 2145 722 2212 mutaverim.
766 2145 917 2212 Fortasse
940 2145 1199 2236 Clytaemnestra
1223 2169 1322 2240 specu
1374 2179 1375 2192 ι

229 2253 332 2320 latum
349 2245 529 2340 paullulum
545 2271 675 2316 ascens
690 2248 822 2332 abierat,
845 2247 993 2340 reditque
1009 2247 1232 2342 subsequente
1246 2273 1323 2343 prae·

231 2379 328 2436 cone,
358 2376 456 2443 quem
481 2351 605 2438 Cbom,
635 2353 676 2420 de
698 2353 821 2420 reditus
848 2353 983 2420 veritate
1005 2353 1184 2437 dubitanti,
1215 2355 1323 2447 quique
1375 2427 1376 2434 χ

229 2459 293 2552 ipsi
317 2456 510 2525 muliebrem
538 2457 761 2526 credulitatem
791 2457 1040 2548 exprobraverat
1060 2457 1094 2523 in
1117 2457 1324 2526 antecedenti-

229 2565 307 2644 bus,
336 2562 404 2629 veri
426 2561 532 2630 nuntii
554 2572 673 2632 testem
694 2573 765 2631 erat
785 2572 1012 2654 provocaturus
1039 2567 1201 2651 quaeest
1221 2563 1323 2631 verbo
1369 2597 1374 2649 p

229 2693 302 2736 rum
323 2671 395 2758 ejus
417 2657 488 2744 τάχ’
517 2657 696 2751 εἰσόμεσῇα
717 2701 762 2718 --
788 2689 932 2748 summa,
966 2665 1144 2755 inquibus
1171 2665 1255 2735 illud
1280 2688 1325 2728 σοι
1372 2682 1373 2750 t

230 2773 272 2838 ad
294 2771 439 2837 Olaurum
461 2771 624 2859 pertinere
646 2771 785 2859 quisque
807 2770 902 2837 videt.
946 2769 1070 2836 Eadem
1095 2771 1183 2860 quod
1205 2796 1265 2862 per
1284 2781 1325 2836 to·

229 2889 297 2944 tam
325 2895 457 2938 scenam
484 2895 551 2938 non
578 2873 697 2938 iterum
727 2872 895 2961 loquatur,
929 2894 1026 2938 causa
1054 2873 1115 2940 sita
1140 2875 1176 2940 in
1198 2874 1326 2941 turbato
1374 2909 1375 2919 κ

229 2977 428 3064 caedemque
457 2973 664 3044 machinante
694 2977 764 3064 ejus
793 2973 918 3056 animo,
951 2976 1009 3066 qui
1031 2999 1107 3044 eum
1135 3001 1197 3046 neo
1222 2978 1326 3068 quiete

229 3101 397 3150 sermones
419 3077 554 3144 caedere
575 3101 644 3152 nec,
660 3077 893 3170 aliquantisper
913 3079 988 3146 loeo
1004 3081 1119 3174 eodem
1138 3103 1325 3172 permanere

229 3184 422 3278 patiebatur.
467 3179 545 3248 Abit
567 3203 604 3246 ea
627 3181 725 3270 igitur
747 3206 766 3246 a
787 3205 884 3250 scena
909 3184 1054 3275 reditque
1077 3186 1201 3266 subito,
1230 3185 1325 3252 enimi

228 3301 338 3356 motus
361 3285 485 3384 acerbis
508 3285 650 3354 dicteriis
671 3287 823 3378 prodens.
837 3323 883 3340 -
904 3311 933 3355 v.
950 3289 1026 3358 383.
1049 3283 1097 3352 sl'r’
1122 3277 1180 3354 οὖν
1202 3285 1326 3368 ἀληῇεῖς

228 3389 278 3456 εἴτ’
303 3391 392 3474 ὀνειρ.
408 3429 451 3444 -
473 3387 590 3474 φρένας
612 3393 726 3460 acerbe
745 3393 853 3459 Choro
876 3391 971 3458 dicta.
1005 3393 1114 3460 Etiam
1135 3393 1253 3460 vocula
1277 3381 1327 3456 οὖν

229 3519 270 3562 eo
292 3495 450 3584 pertinet3
471 3519 556 3582 quae
575 3498 646 3582 ejus
668 3497 717 3563 vis
740 3497 811 3562 aliis
828 3495 910 3563 locis
932 3507 969 3562 ut
990 3521 1019 3562 v.
1035 3499 1110 3562 371.
1127 3497 1202 3562 678
1222 3498 1326 3564 miuus

228 3607 338 3687 aperta
362 3595 494 3682 quidem
519 3606 584 3675 est,
614 3597 686 3662 aliis
709 3607 818 3662 autem
841 3598 998 3685 apertior,
1019 3609 1056 3663 ut
1079 3621 1107 3662 v·
1130 3596 1207 3662 499.
1254 3602 1324 3666 Eur.

228 3703 299 3768 lon.
324 3697 419 3764 1345.

317 3825 347 3868 v.
360 3800 436 3866 386.
458 3795 709 3882 μαρτυρεῖδέ
727 3827 793 3884 μοι
808 3791 1060 3878 κάσιςπηλοῦ
1080 3793 1326 3886 §donoque-2

229 3904 403 3996 Quomodo
421 3901 528 3996 pulvis
545 3906 654 3972 testari
670 3906 947 3997 Clytaemnestrae
966 3917 1087 3995 posset,
1110 3909 1261 3976 nuntium
1277 3908 1325 3974 ad-

228 4013 415 4082 venientem
437 4009 543 4075 verbis
565 4033 657 4102 spem
680 4011 943 4078 confirmaturum
967 4033 1055 4090 csse,
1086 4012 1149 4080 lroc
1172 4014 1232 4080 uisi
1256 4033 1327 4078 cou·

230 4129 296 4198 stet
323 4114 453 4182 aliunde
475 4113 719 4204 exspectatione
748 4125 782 4182 ot
801 4115 963 4182 desiderio
982 4115 1154 4204 flagrantes
1176 4116 1326 4184 mulieres

231 4220 284 4290 vel
303 4218 453 4292 inanibus
474 4216 571 4288 rebus
592 4241 686 4311 spem
707 4219 772 4288 sibi
792 4218 974 4290 confirmari
995 4221 1078 4312 pati,
1105 4220 1203 4292 etiam
1225 4216 1325 4308 mgis
