2778 4844
256 143 310 244 rs
332 165 569 244 ruscuxur
586 131 1011 246 aasuuunouesa
1115 167 1183 244 aa

28 411 35 432 ,
77 357 134 449 qni
156 359 338 428 declaratur
359 360 440 429 loeis
462 385 480 428 a
503 360 623 452 Reisig.
644 359 684 428 C.
702 361 740 428 0.
764 362 798 430 ia
821 361 857 430 S.
879 363 919 430 0.
935 362 974 430 C.
996 383 1026 432 v·
1042 358 1117 431 533.
1140 363 1182 430 ala

78 463 163 531 latis.
202 465 269 532 Alii
285 465 357 534 fort.
379 477 451 533 tom
473 489 642 554 mgnum,
663 477 702 534 nt
715 479 895 556 superaret
908 466 1013 534 etiam
1026 465 1184 534 Suroruei

67 567 164 655 freti
190 568 403 659 conspicatum
427 568 693 661 promontorium
717 569 875 661 fulgore.
925 569 1048 637 Durior
1076 581 1185 638 autern

76 669 161 738 lraee
188 674 348 762 junctura;
384 684 417 742 ct
444 672 645 754 emendatio,
680 665 708 740 si
737 696 801 764 qna
825 694 922 764 opus,
959 673 1100 742 difficilis
1124 685 1183 745 est.

77 773 177 866 Vulgz
191 770 360 859 κάτοπτρον
374 775 480 861 πρῶνα
503 799 568 843 non
585 776 766 845 detenditur
781 777 822 844 iis
837 799 921 868 quse
937 776 1046 844 attulit
1060 775 1181 846 Berulr.

76 877 135 944 lV.
159 877 192 946 S.
223 905 252 970 p.
276 880 337 962 503
374 903 572 971 quamquam
601 881 665 947 alio
694 881 792 948 ruodo
818 877 955 948 stabiliri
987 903 1086 974 posse
1113 901 1182 948 non

76 981 224 1073 despera.
262 982 389 1050 luterea
413 985 544 1052 Canteri
569 985 833 1052 emendationem
856 985 1012 1073 praeiere.
1053 983 1183 1053 Deinde

75 1086 165 1173 quod
186 1087 283 1176 vulgo
302 1087 422 1177 legitur
443 1078 492 1150 εἶτ’
511 1077 660 1168 ἔσκηψεν,
681 1079 731 1150 εἶτ’
747 1080 875 1167 ἀφίκετο
890 1086 1022 1154 retinuit
1035 1084 1181 1156 Wellatr·

75 1211 160 1270 erus,
188 1178 256 1252 εἶτα
277 1213 352 1257 curn
373 1191 405 1257 ui
428 1190 567 1281 quadam
591 1190 764 1281 repetitum
787 1189 912 1258 videtur
937 1189 978 1257 ad
1000 1188 1181 1280 exprimas

74 1292 154 1358 dam
174 1291 351 1370 laetitiam,
378 1293 539 1383 inquiens,
561 1293 648 1384 quod
672 1294 804 1361 nuntius
826 1295 890 1383 jam
915 1294 957 1359 ad
978 1315 1050 1360 enm
1073 1317 1183 1384 perses

76 1407 173 1462 uerat
193 1395 379 1474 stationem,
402 1420 486 1486 quae
509 1396 692 1464 Atridarum
715 1397 847 1464 aedibus
869 1395 1018 1487 proxima
1041 1405 1118 1463 erat.

167 1545 196 1585 v.
216 1521 291 1588 957.
325 1520 411 1588 Hine
432 1520 547 1613 incipit
570 1521 787 1591 memorabilis
810 1521 864 1588 illa
888 1522 1004 1588 lacuna
1027 1519 1061 1587 in
1084 1521 1183 1608 Med,

75 1621 235 1715 Guelph.,
260 1623 349 1704 ΑΜ..
372 1625 472 1708 Ros,
496 1627 612 1706 'l'nrn.,
637 1626 788 1692 soliornm
806 1624 901 1692 MSS.
919 1623 1117 1714 integrorum
1135 1627 1180 1693 in-

73 1728 173 1794 teritu
196 1727 319 1809 effecta,
344 1753 440 1820 qaam
464 1729 625 1823 supplevit
649 1753 690 1798 ex
713 1729 793 1798 Cori.
816 1752 877 1797 suo
902 1727 1074 1797 Victorius.

163 1879 193 1921 v.
217 1855 292 1921 958.
338 1848 436 1930 Φάος
457 1846 533 1920 ro'd’
557 1851 630 1921 οὐκ
656 1845 838 1920 ἄπαππον
860 1855 1112 1946 interpretantur
1133 1837 1180 1923 tul

73 1983 146 2026 cern
172 1957 210 2023 ab
227 1957 320 2024 Idaea
341 1973 498 2041 exortam,
522 1960 733 2052 progenitam.
770 1961 815 2026 At
834 1958 909 2026 virle
928 1958 1180 2048 Spanlrerrriana.

73 2100 119 2112 -
142 2060 182 2128 V.
206 2085 255 2154 sq.
278 2058 389 2126 Toror'd'
413 2055 527 2146 ἕτοιμοι
550 2099 594 2111 -
615 2053 705 2148 νόμον
728 2062 817 2152 leges
840 2060 927 2127 haud
950 2059 1098 2146 fallaces,
1121 2061 1180 2131 sed

74 2175 183 2242 certae
206 2164 268 2233 alia
291 2166 387 2232 aliam
412 2167 595 2260 excipiente
618 2168 687 2235 lace
711 2177 892 2257 eventuque
915 2167 1078 2258 probatae.
1174 2249 1177 2257 ,

162 2316 191 2363 v.
211 2295 285 2360 266.
325 2289 373 2367 ὡς
394 2289 531 2378 λέγοις
552 2286 682 2356 atara:
708 2293 798 2380 (leuia
816 2290 1024 2359 continenter
1039 2291 1094 2360 tis
1107 2314 1179 2359 uer.

73 2396 128 2463 lis
149 2394 317 2462 delectori
346 2393 526 2471 voluerim
553 2395 658 2482 igitur
684 2396 805 2464 iterum
833 2395 947 2462 dicere
973 2394 1067 2464 velis.
1095 2395 1180 2468 ..stit

15 2537 16 2570 2
75 2499 284 2568 crrrcndantlo
306 2487 353 2570 οἷς
366 2495 421 2562 vel
442 2487 497 2568 οὕς
512 2492 623 2578 λέγεις,
643 2487 737 2560 πόλιν
757 2497 943 2585 languidam
958 2497 1098 2562 reddunt
1113 2521 1179 2565 ora·

15 2619 16 2622 ’
70 2585 220 2684 tionem,
247 2624 348 2691 quum
375 2597 457 2668 haee
486 2607 633 2669 extremo
662 2620 702 2667 eo
725 2599 798 2670 loca
830 2597 986 2666 collocata
1011 2598 1181 2672 ,videantur

15 2719 16 2726 ’
72 2704 270 2775 claudicare.

164 2848 195 2894 v.
212 2825 288 2894 269.
326 2817 474 2908 ἐγχέας
490 2821 754 2913 legendarucurn
771 2822 931 2905 Canter03
954 2818 1071 2900 ἐκχέας
1084 2820 1180 2893 Fara.

76 2940 109 3000 et
132 2927 234 2998 vica:
273 2949 349 2994 nam
378 2927 465 3018 quod
490 2926 697 2996 Wellauerus
726 2929 955 3020 interpretatur
986 2939 1119 2998 acetum
1145 2941 1180 2998 et

76 3035 185 3102 oleum
206 3031 238 3100 si
259 3054 307 3098 ex
328 3030 457 3098 duolrrs
477 3031 643 3124 effoderis
665 3033 701 3098 in
723 3055 823 3100 rrnrrm
845 3055 931 3112 vos,
956 3031 1018 3098 lroe
1046 3032 1074 3098 is
1103 3031 1181 3100 lacit

15 3145 16 3222 ξ
77 3139 186 3208 invitis
212 3135 328 3205 verbis.
378 3135 508 3204 Deinde
534 3159 564 3203 v.
587 3159 636 3227 sq.
664 3131 705 3200 od
732 3132 812 3218 φίλω
841 3139 924 3224 conj.
954 3158 1020 3201 non
1048 3158 1181 3227 prorsus

15 3231 16 3264 r
79 3244 208 3334 quidem
230 3239 387 3310 satisfacit
413 3239 607 3328 legentibus.
654 3242 697 3306 At
718 3237 917 3327 Aeschylum
946 3238 1067 3304 dixisse
1095 3241 1181 3312 διχο-

15 3427 16 3436 ¹
80 3341 235 3412 acaroem’
259 3333 302 3406 alo
323 3339 363 3408 od
384 3337 490 3424 pilae,
512 3342 591 3432 quin
613 3341 681 3408 imo
705 3365 795 3408 more
811 3363 871 3408 sua
895 3361 970 3406 eura
985 3338 1034 3406 sie
1049 3338 1181 3421 dixisse,

80 3449 268 3520 Wellauero
290 3469 358 3516 non
373 3445 541 3514 assentior.
579 3444 684 3537 Supra
704 3445 777 3512 1ttt.
800 3438 898 3525 φίλως
912 3437 1018 3528 ἐτίμας
1041 3443 1080 3524 ei.
1097 3443 1182 3520 inira

83 3555 175 3624 1348.
221 3553 344 3624 Versus
377 3559 552 3641 sequentes
587 3547 699 3618 laudat
723 3547 899 3638 Elmslejus
931 3569 964 3615 n.
992 3545 1028 3616 in
1055 3547 1180 3620 Heracl.

81 3655 187 3752 Eurip.
209 3682 240 3726 v.
263 3659 339 3728 833.

162 3802 194 3848 v.
218 3779 294 3847 273.
321 3800 394 3868 sqq.
439 3771 477 3838 Ol
504 3767 564 3859 pto
585 3813 625 3826 -
649 3770 785 3858 Ἀνδρᾶἱιτ
813 3795 889 3838 aean.
921 3793 954 3838 re
979 3768 1037 3840 seui
1063 3781 1179 3859 φυταλ.

83 3877 169 3965 piar,
188 3885 297 3956 παῖδες
317 3873 472 3967 γερόντων
492 3915 537 3928 -
568 3878 720 3948 cecidere
746 3891 781 3946 et
806 3879 902 3947 circo
929 3879 1077 3948 virorum
1103 3901 1180 3946 coa-

83 3988 336 4080 roagrrineorrnn
359 3983 620 4077 parendumque
626 4029 637 4062 ,
674 3993 708 4050 et
735 3979 891 4074 insontes
923 3983 1019 4051 circo
1052 3979 1180 4047 senium

86 4112 235 4182 corpora.
280 4089 404 4158 Sensus
427 4089 620 4180 pervertitur
641 4099 802 4158 commate
825 4099 900 4180 post
921 4077 1106 4167 φυταλμίων
1126 4082 1180 4151 de·

86 4191 146 4264 leto
168 4207 202 4266 et
223 4189 408 4281 φνταλμίων
429 4193 471 4262 ad
491 4184 646 4280 γερόντων
666 4191 780 4262 relato.
823 4183 987 4278 Reisigius
1010 4185 1092 4256 Oed.
1108 4185 1180 4254 Cal.
