2778 4844
217 217 289 292 rar
558 207 996 340 commoveamus

216 455 220 466 ·
305 435 334 478 v.
358 409 434 478 302.
472 399 513 474 'st
536 405 607 474 Ζεῧ
630 408 866 494 βασιλεῦ-.
902 411 979 478 ‘Hos
1002 415 1315 503 versus'nnapaesti-

213 533 270 583 'eos
292 514 377 582 inter
400 515 500 582 Chori
522 537 676 606 personas
699 513 939 582 distribuendos
961 537 1034 582 esse
1056 526 1190 606 apparet
1205 518 1316 582 statim

212 642 256 688 ex
278 619 392 688 ultima
416 617 505 684 brevi
527 618 560 682 in
583 610 787 702 areale-erpa
809 629 842 686 ct
863 617 953 685 hiatu
975 618 1008 684 in
1033 621 1179 707 ejusdem
1205 635 1316 686 versus
1385 635 1386 646 ¹

211 723 287 789 fine.
332 724 377 788 At
403 718 633 812 antistrophica
662 745 734 788 esse
762 720 843 790 haec
863 745 930 788 non
953 721 1056 809 magis
1084 721 1188 812 liquet
1218 747 1314 813 quam

211 823 268 894 illa
287 849 329 892 ·v.
353 825 527 892 ‹to-103.
578 823 621 913 Et
647 823 793 914 Reisigio
822 823 942 892 dicenti
970 847 1000 891 v·
1023 825 1224 893 sou-305.
1249 849 1316 916 pro

211 929 322 1008 odom,
345 928 541 996 sot-308.
555 927 730 1019 stropham,
754 927 888 1016 reliquis
902 927 1136 1018 antistropham
1152 928 1316 995 contineri

211 1031 360 1099 assentiri
383 1054 448 1096 uon
472 1054 617 1122 possum,
641 1031 716 1122 quia
740 1055 851 1099 versus
867 1033 929 1100 301
956 1031 1083 1098 brevior
1104 1041 1155 1098 est
1170 1032 1311 1122 dipodia,

210 1158 309 1227 quam
330 1157 429 1201 nemo
451 1135 661 1226 suppleverit.
705 1137 878 1207 luvocatur
901 1137 977 1208 Ζεῦς
990 1129 1148 1216 βασιλεὺς,
1171 1148 1250 1225 post
1264 1157 1313 1224 pa-

209 1238 377 1308 rentlresin
401 1242 465 1322 (-
475 1234 686 1324 eunomios)
709 1249 819 1306 autem
842 1229 917 1312 Ζεὺς
938 1234 1044 1318 ξένιος.
1089 1238 1186 1323 Quod
1211 1237 1312 1328 sequi-

210 1353 263 1410 tur
283 1333 405 1422 ia're—
428 1341 469 1407 ad
491 1332 569 1421 Νύξ
591 1343 738 1426 relatum,
765 1341 799 1406 id
822 1363 888 1407 non
911 1341 1018 1408 minus
1042 1341 1080 1406 ad
1103 1342 1223 1410 Jovem
1244 1365 1309 1434 per-

209 1448 307 1541 tinetp
330 1456 367 1512 ut
388 1469 483 1536 supra
507 1467 536 1512 v.
553 1444 606 1511 41.
628 1443 733 1530 μέγας
747 1440 901 1518 ἀντίδικος
923 1445 963 1512 ad
978 1444 1165 1514 Menelaum
1183 1457 1219 1513 et
1235 1448 1312 1534 Aga-

209 1573 420 1618 memnonem
443 1549 673 1616 referebamus.
691 1587 733 1598 —
753 1545 868 1632 Μέγα
889 1541 1073 1622 δουλείας
1094 1540 1311 1633 Γάγγαμον

209 1643 300 1732 ἄτης
321 1644 570 1716 παναλώτουι
593 1651 736 1741 dupplex
753 1651 922 1718 Genitivus
943 1650 1090 1718 univoci
1114 1652 1253 1732 additus,
1276 1661 1308 1717 ut

209 1780 259 1846 ap.
283 1755 416 1821 Homer.
440 1751 495 1818 lV.
518 1753 572 1821 84.
609 1746 699 1832 Ζεύς,
731 1747 795 1818 ὅντ’
824 1745 1000 1836 sesamae
1028 1749 1140 1839 rupetae
1165 1753 1307 1839 πολέμοιο

207 1853 358 1922 τέτυκται.
386 1855 504 1926 Bernh.
534 1857 591 1923 W.
620 1856 655 1922 S.
687 1881 719 1948 p.
743 1858 817 1926 169..
866 1857 1025 1949 Exempla
1056 1859 1198 1948 adjuncti
1230 1859 1305 1926 adeo

207 1959 342 2052 genitivi
365 1961 517 2052 objectivi
540 1971 573 2028 et
587 1962 757 2052 subjectivi
780 1961 862 2029 inlra
878 1961 1061 2028 afferentur·
1103 1961 1169 2034 ¹Hic
1190 1960 1307 2029 sutfecit

93 2063 96 2070 ’
138 2087 141 2096 ’
207 2065 323 2132 citasse
345 2064 445 2131 latina
469 2065 564 2132 Caes.
593 2066 630 2132 B.
656 2066 694 2132 G.
721 2069 749 2132 1.
773 2069 826 2134 30.
856 2089 923 2157 pro
949 2064 1116 2134 ueteribus
1139 2065 1306 2132 Helvetio-

206 2190 280 2235 rum
302 2168 436 2258 injarir's
453 2168 573 2257 populi
589 2169 750 2236 Borrroni.
790 2171 840 2237 cf.
863 2171 1039 2260 interprett.
1063 2179 1131 2234 not.
1155 2170 1194 2237 ad
1218 2168 1250 2235 la.
1266 2169 1284 2236 l.

296 2293 327 2338 v.
351 2271 520 2361 :tos-sqq.
565 2265 640 2334 Δία
673 2298 730 2336 rot
756 2309 800 2322 -
835 2274 1040 2340 continuatur
1067 2272 1308 2363 quodammodo
1385 2316 1386 2356 p

207 2374 354 2443 instituta
377 2399 406 2443 v.
423 2375 497 2442 30⁶2.
524 2361 566 2436 Ὦ
590 2373 649 2440 Ζεῦ
671 2385 700 2459 β.
723 2376 931 2458 constructio,
954 2400 1053 2467 quare
1070 2365 1227 2468 punctum
1244 2377 1304 2442 fine
1384 2429 1386 2462 A

206 2505 237 2549 v·
260 2481 335 2548 338.
359 2478 393 2546 in
416 2479 512 2546 colon
536 2479 668 2546 mutavi.
691 2517 734 2530 -
757 2473 833 2544 Τὸν
852 2470 944 2544 τάδε
965 2473 1150 2564 πράξαντ’
1175 2517 1219 2529 -
1240 2473 1301 2542 rrr'-
1382 2524 1386 2565 ί

206 2609 326 2648 νοντα
353 2621 412 2649 -.
455 2581 586 2653 Exeunt
613 2583 806 2675 quibusdam
836 2585 918 2653 locis
946 2583 1113 2675 participia
1143 2584 1303 2675 propriam
1381 2628 1386 2669 p

207 2687 270 2755 sibi
297 2688 365 2755 vim
394 2689 547 2779 vicesque
576 2689 806 2778 adjectivorum
835 2687 888 2756 vel
916 2687 1190 2755 substantivorum
1213 2687 1304 2756 susti·
1378 2733 1386 2772 3

139 2804 141 2808 ’
205 2781 430 2875 ηαιιιθιιιιι.
453 2792 493 2857 ad
517 2785 591 2857 aar.
613 2794 689 2859 239.
712 2791 788 2857 lnlr.
812 2791 926 2874 sss).
958 2791 1082 2859 lllutem
1112 2801 1220 2859 aulem
1250 2785 1303 2854 rer‘-
1381 2814 1386 2877 p

205 2918 301 2958 norror
323 2895 355 2972 in
373 2888 526 2970 ιείναννα,
548 2915 614 2957 non
632 2903 700 2959 tarn
722 2903 853 2983 propter
867 2893 1110 2962 Blomfieldium
1128 2895 1302 2966 dicentem:
1382 2941 1386 2982 1

204 2991 383 3078 φαίνοντα
410 3006 511 3071 esset,
540 2994 599 3080 qai
626 3019 701 3062 cum
722 2996 803 3062 olim
824 2998 968 3066 tetendit
989 3009 1024 3065 ot
1050 2998 1166 3067 oddrac
1187 2999 1305 3075 tendit,
1384 3043 1386 3108 t

203 3123 313 3190 nequo
347 3107 479 3189 propter
506 3097 713 3165 Stallbanmii
747 3114 917 3193 praecepta
953 3104 1114 3184 docentis,
1156 3102 1305 3170 Graecos
1385 3147 1386 3208 t

203 3205 296 3272 laurac
316 3201 383 3269 siti
405 3203 512 3292 legem
533 3202 709 3281 sorexisse,
737 3217 774 3271 nt
794 3228 838 3272 eo
857 3219 1023 3296 ponerent
1050 3219 1206 3297 tempora
1224 3229 1305 3299 par·-
1385 3271 1386 3284 ,

204 3309 411 3400 ticipiorum,
439 3306 558 3396 quidus
579 3331 618 3374 rc
635 3331 700 3398 per·
721 3319 850 3401 tempus
866 3308 1011 3402 finitam
1033 3335 1200 3401 expresso
1224 3333 1306 3401 opas
1379 3358 1383 3380 .

194 3415 356 3506 futrrrmn
377 3411 566 3491 videretur,
594 3436 677 3504 quae
701 3413 858 3482 Grascrus
881 3416 1080 3497 retractavit,
1110 3439 1209 3504 quam
1232 3416 1306 3482 ideo
1382 3401 1383 3416 ¹

204 3518 293 3608 quod
321 3515 374 3582 hic
403 3516 607 3606 participium
636 3540 735 3582 sensu
763 3517 903 3586 Ablativi
927 3519 1164 3587 Gerundiorum
1192 3517 1305 3585 latino·
1383 3571 1384 3576 η

203 3644 276 3688 rum
298 3627 488 3707 usurpatum
506 3627 564 3698 est,
588 3626 724 3704 tumque
740 3640 806 3682 non
825 3621 935 3688 minus
949 3643 1054 3711 praes.
1070 3617 1193 3708 partic..
1216 3643 1307 3690 usur·
1383 3559 1386 3706 3

205 3723 317 3816 patum
339 3742 451 3811 quam,
471 3741 570 3785 sensu
592 3717 777 3807 postulante
799 3730 836 3786 ut
857 3719 889 3788 la.
905 3723 938 3802 1.,
961 3733 1146 3812 temporum
1170 3743 1305 3815 congru·
1385 3707 1386 3712 ¹

205 3826 293 3896 entia
321 3849 339 3890 a
369 3820 500 3890 Graecis
531 3821 699 3888 observata
728 3845 800 3890 esse
829 3823 910 3890 milri
939 3823 1074 3894 videtur.
1124 3826 1182 3893 Sic
1209 3852 1304 3920 snpra

205 3959 235 4002 v.
260 3932 333 3999 147.
356 3921 410 3990 ada
432 3918 598 3990 ὃδῶσαντα
619 3963 663 3976 -
685 3921 793 4001 &darm
836 3928 903 3997 Sed
926 3953 956 3998 v.
975 3955 1009 3997 n.
1025 3932 1066 3998 ad
1088 3955 1118 3999 v·
1134 3931 1210 4000 544.
1244 3933 1304 4000 lla-

205 4035 261 4107 bct
289 4033 406 4104 deinde
434 4025 579 4094 ιείνανια
605 4031 749 4122 exempl.
774 4032 875 4110 Aur..
904 4033 955 4119 eui
982 4035 1017 4102 in
1045 4037 1209 4129 plerisque
1238 4061 1302 4104 non

204 4143 365 4211 rninorcrn
389 4160 486 4228 quam
503 4134 583 4201 Cod.
600 4133 798 4204 Farnesiano
813 4136 910 4203 trdem
929 4138 1045 4208 habeo.
1080 4141 1301 4210 Discernenda

207 4258 314 4316 autern
336 4267 435 4336 quarn
458 4240 601 4310 maxima
622 4239 657 4307 iu
678 4239 931 4332 Spanlaenaianis
953 4257 1020 4314 not.
1041 4248 1122 4318 Aur.
1145 4251 1223 4338 (qua
1240 4245 1301 4313 Au·
