2778 4844
224 209 295 284 152
566 211 979 292 COMMENTARIUS

228 396 557 488 ἱῦόοψελονψΗκοπα,
579 409 648 476 scil.
670 406 710 472 οὐ
731 408 784 480 vel
805 405 868 482 πῶς
888 403 993 492 πρέπει
1007 401 1164 492 συμμίξαι
1176 444 1234 486 -,
1257 428 1323 471 con-

228 508 405 578 structione
425 533 492 577 non
515 511 672 594 absoluta,
694 513 752 580 sed
774 511 882 579 subito
905 521 1028 578 mutata
1050 512 1085 577 in
1108 509 1194 576 hano
1217 507 1280 582 πῶς
1299 535 1324 572 κ.

228 630 253 677 ι.
275 635 306 674 ιε.
326 608 473 696 supunigo
494 633 555 698 -3
588 618 681 706 cujus
707 615 895 683 mutationis
925 616 1051 682 subitae
1083 635 1183 680 causa
1220 623 1271 679 est
1296 613 1324 676 in

228 712 316 780 laeto
338 715 448 803 vigore
471 718 586 798 nuntii,
609 722 701 808 cujus
723 743 821 810 saepe
842 722 907 811 jam
925 717 1029 784 oratio
1045 720 1116 808 ejus
1137 739 1201 782 nos
1224 716 1324 780 admo-

229 815 310 883 nuit.
347 817 399 885 Al.
421 821 527 911 suppl.
543 816 619 900 οὐχὶ
634 815 752 907 densim
774 823 847 890 sim.
885 819 1058 887 Confertur
1073 819 1175 911 Soph.
1193 819 1324 886 Philoct.

229 920 305 986 298.
339 918 505 1006 ot’xovpts‘no]
533 917 598 1008 γὰρ
626 913 685 988 οὖν
710 923 807 1010 οεέγη
834 915 929 1008 πυρὸς
954 920 1036 1007 μέτα
1063 918 1150 986 πάντ’
1181 918 1325 1005 &suspidet

229 1013 308 1098 alliso
328 1013 364 1086 ad
383 1017 427 1108 μὴ
448 1030 553 1090 πεσεῖν
575 1023 638 1112 ε’μέ.
661 1066 704 1082 --
726 1022 923 1111 Σωιηρῖων
941 1020 1193 1110 πραγμάτων.
1240 1018 1324 1100 Euri·
1371 1043 1372 1090 l

228 1151 292 1208 utos
318 1149 380 1194 nec
407 1126 471 1196 hoc
499 1130 572 1198 loco
600 1154 683 1224 opus
711 1142 761 1200 est
788 1130 917 1223 passivo
944 1152 1044 1196 sensu
1066 1129 1190 1197 dietum
1214 1127 1324 1220 putari,
1371 1155 1372 1222 ι

230 1250 292 1296 nec
314 1228 459 1324 Choeph.
483 1235 576 1316 234„
610 1257 672 1302 nee
693 1234 796 1327 Soph.
820 1233 902 1302 Oed.
925 1232 963 1299 C.
986 1234 1078 1314 487„
1106 1233 1229 1323 quibus
1250 1231 1323 1296 locis

229 1354 289 1421 pro
311 1334 375 1407 σόε
396 1337 541 1426 positum
563 1362 635 1407 esse
656 1339 862 1408 Hermannus
885 1348 997 1404 censet
1021 1337 1076 1404 cll.
1097 1335 1270 1404 Scliwenk.
1292 1357 1321 1406 ιι,

230 1435 270 1501 ad
294 1434 440 1531 Choeph.
463 1441 539 1510 234.
584 1441 636 1512 De
657 1442 842 1535 Sophocleo
871 1441 945 1508 loeo
974 1438 1093 1506 rectius
1122 1439 1236 1507 statuit
1256 1437 1322 1502 Roi-

229 1537 340 1628 sigius.
384 1542 650 1636 Choephorarum
676 1546 787 1614 locum
815 1546 899 1614 bene
927 1545 1154 1634 interpretatus
1177 1553 1228 1610 est
1251 1541 1321 1607 Vos-

229 1641 313 1725 sius,
348 1655 381 1713 et
407 1646 439 1712 h.
462 1647 484 1712 l.
511 1642 648 1732 σωιήρια
668 1642 842 1734 πρᾶῳμαια
863 1658 941 1716 sunt
968 1645 1149 1728 „heilvolle
1172 1644 1320 1712 'l'halen’'

228 1742 286 1810 Sic
299 1746 400 1812 etiam
420 1743 567 1828 κληδόνες
581 1749 722 1837 σωτήριοι
745 1750 890 1844 Choepb.
907 1753 982 1820 501.
1006 1749 1252 1838 intelligendum
1273 1745 1319 1812 cll.

228 1845 331 1938 Soph·
356 1849 438 1920 Oed.
459 1852 495 1922 C.
520 1855 594 1926 796.
640 1857 726 1924 Cum
746 1850 904 1939 σωτηρίων
923 1845 1119 1939 πραγμάτων
1145 1872 1319 1948 coutpamu·

229 1949 309 2020 dum
329 1949 498 2040 εὐπραξίας
518 1959 652 2046 σωτῆρος
673 1962 709 2028 S.
732 1983 760 2028 c.
783 1959 845 2028 Th.
868 1960 944 2028 210.
1372 2031 1373 2048 ¹

318 2080 348 2128 v.
370 2061 446 2128 542.
469 2086 518 2152 sq.
564 2058 804 2149 Ζυνῶμοσαν
825 2055 917 2147 γὰρ,
945 2050 1052 2133 ὄντες
1074 2051 1318 2136 ἕχβισεοιεο-
1372 2123 1373 2150 3

229 2149 316 2242 sepio
341 2161 412 2247 πῦρ
440 2159 508 2228 καὶ
535 2160 733 2239 θάλασσα.
777 2165 852 2234 Non
874 2164 915 2231 de
938 2161 1125 2231 numinibus
1147 2161 1202 2230 hic
1222 2183 1318 2229 senno
1372 2185 1373 2198 ¹

231 2265 384 2341 est,‘sed
410 2266 454 2333 ita
482 2267 551 2358 igni
573 2271 709 2338 otmari
732 2290 944 2361 personarum
967 2267 1053 2335 vices
1077 2266 1266 2343 tribuuntur,
1287 2271 1319 2327 ut

230 2362 307 2430 alibi
329 2362 405 2451 dell,
426 2366 541 2456 ἡμέρᾳ»
561 2369 639 2460 olipa,
661 2369 776 2458 αἰθέρ’»
797 2368 856 2452 dot,
871 2365 970 2450 ”mii
984 2365 1074 2453 Mum,
1095 2365 1227 2448 oixnviq,
1245 2362 1318 2447 adop,

229 2459 322 2551 κὸρῳ,
343 2462 446 2556 ὕβρει,
468 2471 635 2559 εὐλαβείᾳ,
656 2466 755 2561 εὔχῃ,
777 2469 886 2554 ἐλπίδι,
907 2467 1004 2556 φόβῳ,
1027 2467 1135 2553 πίστει,
1157 2468 1237 2557 δίκῃ,
1255 2462 1319 2552 ἄτῃ,

135 2575 142 2582 “
230 2570 321 2637 αἰδοῖ
336 2586 370 2644 et
391 2578 501 2646 multis
525 2579 612 2650 aliis:
634 2606 665 2650 v.
687 2591 756 2650 not.
778 2605 810 2648 n.
834 2579 874 2644 ad
898 2576 985 2646 Pers.
1010 2600 1039 2644 v.
1056 2575 1131 2643 346.
1151 2613 1193 2626 -
1222 2567 1317 2647 Φὲιεῖ-

229 2697 349 2758 ρονιε.
371 2681 496 2752 Mavult
517 2681 685 2770 φξιείρανιε
707 2682 914 2762 Abreschius,
937 2680 990 2747 eui
1013 2677 1150 2770 opponit
1165 2676 1319 2746 Blomliel·

230 2778 303 2849 dius
324 2781 421 2853 haec:
460 2787 498 2854 in
519 2787 589 2855 hac
610 2787 777 2857 sententia
804 2783 927 2854 aoristi
943 2784 1167 2873 participium
1189 2793 1319 2850 mentem

223 2890 354 2971 poetae
379 2911 447 2955 non
474 2892 689 2978 exprimeret.
734 2887 962 2976 Porticipium
986 2887 1179 2978 proesentis
1200 2885 1249 2951 sic
1263 2906 1321 2971 po-

228 2985 329 3052 situm
350 2988 439 3058 idem
462 2991 558 3061 valet
586 3017 632 3061 ac
650 2991 851 3084 gerundium
878 2991 975 3082 opud
995 2991 1156 3058 Latinos.-
1171 2979 1319 3066 Ιἐδειξά-

100 3163 102 3174 ,
229 3113 297 3168 ἠν
318 3090 527 3180 φὲείρονιε
547 3095 767 3167 ostendebant
786 3095 971 3186 perdendo.
1021 3095 1137 3184 Quare
1157 3091 1320 3180 Stonlejns

229 3193 402 3284 corrigens
429 3191 615 3284 ἐδεξάεην
641 3225 708 3270 non
734 3213 785 3269 est
812 3199 1009 3268 audiendus.
1054 3197 1143 3265 Haec
1165 3197 1233 3263 lere
1255 3217 1319 3261 con-

229 3299 325 3367 traria
354 3303 395 3372 iis
424 3330 507 3398 quae
535 3307 720 3375 notavimus
747 3305 788 3371 ad
816 3330 845 3371 v.
869 3305 944 3372 311.
989 3299 1209 3368 Nihilominus
1232 3318 1319 3366 senso

229 3407 415 3494 postulante
444 3413 542 3478 etiam
570 3413 707 3480 aliorum
735 3421 920 3502 temporum
948 3404 1113 3495 partieipia
1146 3403 1205 3469 illo
1233 3421 1318 3469 sensu

231 3517 266 3574 et
286 3531 438 3597 praesens
461 3517 584 3603 partio,
607 3517 664 3581 ubi
686 3515 727 3581 de
749 3537 785 3580 re
803 3508 974 3599 praeterita
998 3529 1106 3571 sermo
1130 3517 1189 3585 est,
1214 3507 1317 3598 imper-

230 3609 306 3676 fecti
328 3634 428 3680 sensu
454 3617 506 3700 (h.
528 3616 550 3680 l.
575 3613 744 3696 „dadurch
768 3611 860 3676 dass”
889 3633 916 3674 s.
946 3607 1098 3687 „damals
1121 3606 1168 3670 als
1191 3607 1241 3674 sie
1264 3630 1318 3675 ver·

229 3712 440 3799 nichteten'')
474 3741 491 3782 ιι
521 3717 651 3784 Graecis
678 3715 785 3804 posita
814 3735 885 3778 esse
914 3729 1094 3774 censemus.
1144 3704 1216 3776 Nec
1244 3709 1320 3778 malo

230 3817 365 3905 exponit
387 3819 543 3887 Graserus
566 3817 722 3908 (Specim.
739 3817 873 3883 Advers.
897 3813 929 3878 in
945 3811 1051 3877 Serm.
1073 3810 1157 3878 Plat.
1180 3839 1212 3904 p.
1237 3817 1321 3882 64-

230 3924 309 4007 tt),
332 3947 415 4013 quae
438 3922 482 3990 sit
503 3945 618 3990 sensus
640 3919 819 3988 differentia
842 3918 1042 3984 diversorum
1058 3927 1243 4004 temporum
1260 3939 1322 4007 par-

229 4028 359 4120 ticipiis.
403 4025 510 4110 Quare
533 4028 744 4116 supersedere
766 4025 842 4094 licet
864 4021 895 4090 h.
918 4023 940 4088 l.
963 4020 1168 4110 diligentiore
1192 4021 1322 4112 explico-

230 4131 329 4197 tione.
374 4130 538 4198 Addamus
562 4139 680 4210 autem,
704 4128 773 4196 sieri
795 4152 893 4218 saepe
915 4150 981 4194 non
997 4149 1105 4216 posse,
1129 4136 1165 4192 ut
1182 4133 1322 4192 accurate

230 4234 504 4316 demonstremus,
535 4257 600 4324 quo
623 4231 781 4326 participii
803 4231 950 4326 tempore
979 4229 1115 4322 scriptor
1141 4229 1190 4298 uti
1210 4228 1322 4302 debue-
