2808 4850
226 227 275 304 96
466 291 470 297 .
573 220 985 304 COMMuNtoRtus
1099 235 1102 240 '
1139 309 1142 316 ‚

228 421 391 510 insignem
420 418 522 495 luisse
548 419 783 490 collucentibus
810 422 876 509 jem
911 417 951 484 ab
978 414 1133 486 nunciato
1159 411 1339 504 Agamem-

228 526 326 598 nonis
359 525 466 594 reditu
504 523 734 594 sacrificiorum
766 523 906 592 dammis
939 521 1165 612 regiarumque
1201 518 1338 584 aedium

228 631 369 712 facibus,
398 629 507 699 omnio
530 651 640 698 eornm
662 625 762 695 choro
790 628 862 720 ipsa
887 628 1077 696 instituente
1100 633 1133 690 et
1155 632 1339 690 exornante

228 734 499 825 Clytaemnestra.
542 731 586 799 Et
608 730 844 822 euphemistico
866 730 1000 823 quidem
1020 727 1078 797 illo
1100 725 1240 794 silentio
1256 727 1339 793 inter

227 835 474 910 sacrificandum
495 833 556 902 rite
572 835 775 905 observando
796 835 942 925 reginam
963 833 1045 904 hoec
1058 853 1256 924 procurasse
1281 853 1338 896 nee

188 1023 191 1032 ¹
227 963 266 1012 se
294 936 493 1030 interpellari
520 960 651 1030 possam
681 963 769 1022 esse,
803 964 861 1023 eo,
888 939 975 1030 quod
1004 938 1198 1024 interrogata
1226 933 1338 1000 Clroro

228 1065 296 1112 uon
323 1042 514 1135 respondet,
547 1041 726 1112 iudicatum
753 1053 812 1112 est
863 1043 990 1112 Chorus
1018 1040 1115 1130 igitur
1141 1038 1189 1106 rei
1220 1061 1336 1106 causas

226 1147 403 1238 conjiciens
426 1167 487 1214 nec
508 1145 655 1236 reginam
677 1147 795 1214 iterum
811 1145 1021 1238 interpellans
1043 1154 1100 1212 aut
1115 1143 1185 1232 ejus
1201 1141 1335 1210 silentio

229 1252 373 1320 offensus
395 1273 423 1318 v.
450 1247 524 1318 10l.
552 1250 593 1318 od
620 1249 835 1343 expeditionis
858 1250 1036 1341 'l'rojonne‚
1064 1246 1098 1313 in
1121 1269 1185 1335 quo
1210 1269 1332 1326 rerum,

229 1377 311 1446 quas
333 1351 570 1444 conspiciebat,
605 1377 719 1424 cousus
740 1354 820 1422 sitos
842 1375 914 1422 esse
937 1349 1152 1441 intelligebat,
1186 1349 1331 1418 rationes

228 1457 382 1528 nobiliori
410 1466 506 1526 centu
533 1457 744 1526 celebrandas
770 1456 891 1550 pergit,
925 1478 1008 1546 quo,
1036 1453 1184 1545 quamvis
1213 1454 1332 1522 iterum

227 1562 412 1653 iterumque
441 1561 473 1628 in
502 1561 649 1630 onimnm
675 1560 913 1630 recurrentibus
935 1558 1020 1628 curis
1047 1581 1086 1625 ae
1106 1555 1330 1626 sollicitudini-

223 1663 302 1744 bus,
336 1687 420 1755 quae
451 1655 487 1727 rb
514 1659 666 1748 εὖφιγιεῖν
691 1663 880 1754 probibent,
911 1662 1076 1732 sacrifieiis
1105 1660 1190 1746 illis,
1235 1658 1327 1753 quasi

225 1765 504 1855 Clytaemnestrae
527 1765 648 1833 diserto
670 1765 799 1833 silentio
820 1767 929 1855 jussus
951 1768 1059 1835 lavere
1081 1765 1212 1854 linguis,
1241 1766 1327 1834 bono

224 1867 330 1939 verba
354 1866 451 1938 addit.
495 1867 581 1936 Hinc
601 1867 683 1938 illud
711 1858 847 1952 αἴλινον,
873 1859 997 1935 αἴλινον
1016 1863 1098 1952 sini,
1119 1862 1154 1934 rb
1175 1865 1204 1934 δ’
1228 1859 1268 1934 εὖ
1288 1893 1326 1931 ou·

224 1962 312 2042 κάτω
334 1983 368 2042 et
388 1959 425 2036 sd
445 1964 511 2058 γὰρ
533 1963 578 2054 εἴη
601 1983 636 2042 el
656 1973 730 2040 ulia.

311 2115 342 2159 v.
365 2093 418 2160 88.
442 2115 514 2185 sqq.
558 2091 630 2156 rain
656 2085 839 2177 dorvvdp.
861 2131 917 2158 -.
961 2091 1072 2161 Klaus.
1101 2092 1163 2162 sic:
1208 2089 1325 2162 Urbica·

223 2193 337 2287 potius
365 2194 451 2284 regis
485 2207 518 2264 et
550 2194 703 2277 civitatis,
727 2195 892 2287 forenses
915 2219 994 2264 vero
1024 2196 1130 2288 plebis
1167 2207 1202 2266 et
1230 2219 1324 2288 nego-

223 2295 343 2366 tiorum
371 2297 471 2388 gratio
501 2298 688 2366 adoranturr
726 2297 762 2366 bi
788 2299 857 2368 iere
883 2297 971 2367 idem
998 2299 1054 2390 qui
1075 2295 1152 2375 noel
1178 2295 1321 2388 ἀγώνιος

223 2400 271 2468 illi
295 2401 327 2468 in
352 2424 425 2469 erce
448 2401 543 2483 culti,
571 2425 686 2494 parum
709 2401 826 2470 diversi
854 2425 872 2468 a
896 2403 1082 2472 domesticis
1110 2415 1144 2473 et
1165 2403 1323 2472 familiari-

222 2505 284 2574 bus
299 2503 370 2587 diis,
393 2500 578 2592 portentione,
601 2501 776 2592 lppeodoeo,
796 2505 953 2592 pensiore:
976 2507 1031 2600 qui
1047 2519 1117 2576 tum
1132 2509 1242 2601 superi
1257 2519 1322 2576 tunt

223 2608 319 2678 inleri
346 2610 512 2696 dicuntur,
546 2611 622 2704 quia
650 2609 772 2705 duplex
799 2609 881 2678 haec
908 2611 1049 2703 cujusvis
1077 2611 1216 2680 civitatis
1245 2611 1323 2680 ratio

222 2738 298 2783 cum
320 2717 467 2808 utrisque
493 2716 638 2786 numeris
666 2703 802 2784 bertine
829 2713 862 2780 in
890 2737 1008 2802 genere
1027 2714 1132 2804 regio·
1178 2715 1284 2805 Reges
1306 2735 1322 2778 a
1391 2749 1392 2761 ι

219 2817 303 2884 dove
324 2841 444 2908 supero
466 2830 544 2884 sunt
565 2817 694 2883 oriundi
722 2827 756 2885 et
782 2826 857 2906 post
879 2827 1018 2883 mortem
1038 2817 1130 2886 Jovis
1158 2818 1252 2886 inferi
1275 2841 1322 2886 co·

220 2918 316 2984 mites
345 2910 511 3001 (πρόπολοι
534 2917 594 2984 Cb.
615 2917 717 2997 358)t
754 2917 834 3006 quin
862 2917 1021 3004 originem
1048 2922 1146 2988 etiam
1175 2929 1324 3015 repetunt

220 3018 261 3086 ob
285 3017 396 3086 inieris
424 3043 526 3111 quum
553 3020 588 3086 in
610 3018 662 3086 bis
684 3016 728 3084 sit
748 3016 864 3086 Tellus
892 3029 925 3084 et
946 3017 1109 3110 principes
1137 3025 1206 3094 iere
1227 3028 1321 3093 unios

220 3122 378 3210 cujusque
400 3120 507 3210 regiae
529 3121 639 3212 stirpis
661 3141 800 3211 proavus
822 3143 842 3188 a
864 3118 997 3186 Tellure
1019 3122 1063 3188 sit
1085 3125 1208 3212 editus,
1232 3133 1321 3221 cujus

219 3247 239 3292 e
261 3220 328 3291 lilio
350 3224 404 3292 vel
426 3223 517 3316 nepti
539 3221 688 3292 sobolem
710 3218 823 3309 genuit
843 3219 895 3289 vel
909 3220 1038 3312 Jupiter
1059 3226 1113 3294 vel
1127 3228 1248 3322 Apollo
1272 3230 1320 3301 uel

219 3325 335 3420 uliquis
358 3328 438 3397 deus
459 3349 605 3420 superus.
650 3322 701 3392 Ab
724 3323 869 3414 utrisque
891 3323 943 3394 his
960 3327 1159 3414 numinibus,
1183 3344 1255 3402 tum
1274 3359 1320 3403 ur·

217 3429 300 3497 bicis
323 3441 393 3499 tum
416 3431 607 3512 forensibus,
631 3427 783 3497 differunt
799 3428 963 3514 coelestia,
987 3455 1024 3499 en
1040 3434 1247 3524 potissimum
1265 3464 1320 3506 nu·

217 3531 307 3600 mino
328 3555 412 3623 quoe
434 3532 602 3613 imbribus,
625 3529 706 3612 sole,
729 3528 802 3599 luce
825 3535 1041 3627 omnibusque
1063 3535 1159 3601 rebus
1182 3543 1320 3625 quaein

217 3633 311 3701 coelo
342 3644 434 3717 sunt,
470 3646 589 3703 terram
621 3633 806 3702 fecundant.
857 3635 950 3704 Hane
979 3634 1208 3722 cogitationem
1243 3663 1320 3710 cum

217 3737 384 3806 mentione
414 3737 497 3806 coeli
525 3737 560 3804 in
593 3747 703 3806 mente
731 3742 846 3828 podtae
874 3735 976 3807 nostri
1009 3737 1217 3826 conjunctam
1244 3768 1317 3814 esse
1331 3733 1336 3768 ²

217 3848 309 3932 potet
334 3864 353 3909 e
376 3839 514 3906 Danaid.
542 3840 580 3907 lr.
603 3841 665 3926 36,
697 3843 757 3932 Ag.
781 3845 818 3926 7,
849 3840 956 3910 Prom.
980 3840 1054 3908 457.
1098 3839 1212 3935 ltaque
1238 3845 1319 3916 hoec·

218 3942 363 4012 adoratio
385 3943 536 4026 deorum,
569 3944 625 4034 qui
648 3944 827 4026 civitatem,
862 3967 971 4032 agros,
1004 3943 1133 4028 negotia
1155 3957 1312 4027 tueantur,

87 4073 92 4084 ¹
217 4057 269 4116 est
291 4047 405 4116 eadem
427 4070 511 4138 quas
532 4045 594 4116 Tb·
618 4048 708 4118 271.=
746 4037 968 4120 nonooor'neon
994 4046 1096 4124 noete,
1125 4045 1312 4142 πεδιονόμοις

216 4169 249 4209 re
270 4145 412 4235 κάγορᾶς
433 4145 636 4226 monumen?
683 4151 733 4220 cf.
756 4146 1006 4241 Spanhemiano.

1146 4278 1174 4326 v.
1187 4254 1229 4326 9t
1243 4278 1310 4346 sqq·
1386 4253 1387 4256 ’
