2778 4844
228 215 311 288 140
583 205 997 288 COMMENTARIUS

237 407 405 476 omissum
434 405 578 496 perticip·
602 403 692 474 vorbi
716 403 912 474 substantivi
934 404 1037 496 magis
1059 405 1204 475 offendit.
1250 407 1287 474 S·
1307 433 1332 476 c.

234 511 297 580 Th.
320 512 412 590 358,
435 509 468 578 S.
493 509 533 575 0.
557 509 628 576 Col.
651 511 727 578 966.
749 510 802 577 cll.
824 507 967 577 Bruuels.
989 533 1021 576 n.
1045 510 1085 576 ad
1109 510 1204 578 1260.

321 663 352 705 v.
376 637 451 702 411.
496 630 635 716 sepho}
657 659 695 699 rs
722 637 843 710 soso·
862 671 920 698 -.
966 633 1049 703 Vide
1077 659 1157 702 uum
1179 637 1247 704 huc
1268 661 1330 729 per-

232 745 360 812 llneanl
379 740 476 806 llom.
499 737 562 804 0d.
577 737 634 802 lll.
653 739 727 807 407.
749 741 884 821 ξεστοῖσι
906 733 1053 819 liboeum,
1074 733 1110 802 οἵ
1122 738 1152 802 oi
1170 731 1253 804 ἕσαν
1266 766 1328 824 προ-

232 840 366 928 πάροιθε
394 833 527 924 θυράων
552 834 724 921 dimisisse,
757 842 810 909 vel
841 844 892 910 11.
919 844 969 910 14.
998 836 1080 920 ἕζετο
1106 839 1135 907 δ’
1159 842 1195 906 ἐν
1222 839 1329 929 πατρὸς

232 940 329 1028 θώκῳ
346 981 388 996 ·-
416 944 468 1011 cll.
497 944 612 1036 Suppl.
640 947 694 1012 25.
721 983 766 996 -
782 941 910 1022 χξιόνιοι
937 937 1041 1025 &isne
1066 944 1255 1025 mehpomc
1275 987 1328 1016 —.

232 1053 299 1140 Qui
316 1048 509 1140 Supplicum
522 1048 614 1116 loeus
628 1047 818 1138 Argivorum
835 1049 1009 1116 numinum
1023 1055 1327 1120 commemoratione

231 1153 469 1236 memorabilis,
501 1152 577 1236 sed,
614 1153 742 1221 etiamsi
761 1153 850 1222 ‚illud
884 1141 929 1216 ὧν
956 1153 997 1220 ed
1027 1144 1140 1238 κόραν
1165 1161 1327 1234 reseratur,

232 1262 399 1330 obscurus.

320 1404 350 1448 v.
373 1378 449 1446 412.
495 1375 536 1444 V.
565 1379 766 1461 φᾳιδροῖσι
799 1371 937 1441 voietd’
971 1366 1147 1462 duptam,
1183 1381 1326 1459 deornm,

230 1483 350 1552 Bloml.
373 1480 489 1572 inquit,
512 1476 707 1558 durotiov
723 1479 957 1570 praesentiam
971 1479 1157 1572 significet,
1180 1483 1327 1572 idemque

229 1587 355 1678 opponi
370 1587 503 1654 uidetur
516 1583 564 1666 τῷ
575 1573 703 1647 πάλαι.
740 1583 835 1652 Both.
851 1583 954 1664 hisce,
970 1585 1088 1676 quibus
1104 1609 1157 1655 me
1174 1587 1324 1678 excipitis.

230 1691 312 1760 Mihi
329 1712 391 1756 nec
402 1689 484 1756 haee
495 1687 644 1776 vulgatae
661 1687 884 1778 interpretatio
894 1689 1050 1758 satisfacit
1068 1713 1130 1757 nec
1144 1691 1227 1758 haec
1240 1702 1274 1758 ut
1286 1691 1324 1758 sit

230 1817 328 1871 evene,
345 1803 400 1858 aut
417 1791 514 1859 haee:
536 1791 597 1858 rite
612 1791 750 1878 (ωσμῲ)
768 1790 906 1882 excipite
920 1815 1032 1881 regem
1047 1793 1215 1862 benevolis
1229 1793 1323 1872 hisee,

230 1897 263 1965 h.
284 1922 315 1990 ¹e.
338 1894 452 1986 quales
474 1894 541 1962 mei
562 1905 648 1975 sunt,
673 1894 907 1978 oculis'(:nam
927 1894 1018 1964 hisee
1035 1897 1138 1963 oculis
1159 1896 1258 1988 vulgo
1279 1908 1323 1964 est

230 2001 333 2070 oculis
356 1981 470 2084 mels).
514 1997 626 2066 Aureli
647 1986 727 2076 ἤ·-
748 1991 874 2083 δῶμασι
900 1989 920 2079 ἢ
942 2003 1083 2084 φαιδροῖς
1110 1993 1227 2076 ἰδόντες
1254 1991 1321 2086 (dp-

227 2107 332 2192 pmm)
360 2103 466 2192 glossa
496 2113 552 2170 out
579 2106 762 2192 conjectura
786 2113 845 2170 est.
890 2102 969 2172 lnde
994 2102 1159 2196 Stenlejus
1188 2108 1322 2190 φαιδροῖς

231 2203 345 2281 ι’δᾶπες
367 2197 490 2290 ὄμμασι
516 2205 659 2296 repetiit,
687 2229 746 2296 pro
768 2207 899 2298 suisque
921 2207 1113 2292 venditavit,
1142 2231 1235 2276 more
1256 2231 1319 2276 suo.

228 2313 337 2380 Minus
359 2310 467 2402 placet
489 2309 587 2376 etiam
613 2311 773 2394 φαιδροῖσι
799 2314 862 2384 τοῖς
890 2308 925 2374 ἐν
951 2304 1084 2394 δώμασι.
1110 2313 1210 2380 'Inde
1230 2313 1321 2402 igitur

229 2417 257 2482 si
280 2439 363 2505 quae
386 2418 470 2505 conj.
492 2413 527 2479 in
541 2414 745 2504 vulgatorum
760 2413 869 2482 locum
885 2417 1060 2498 suffeceris,
1084 2415 1320 2485 excusationem
1381 2457 1382 2500 p

228 2517 410 2601 habebunt3
442 2541 640 2612 quamquam
667 2517 754 2584 haud
787 2517 927 2586 diffiteor
960 2522 994 2588 in
1027 2520 1155 2610 vulgata
1185 2520 1319 2588 lectione

229 2636 338 2716 aperta
361 2622 560 2714 deprehendi
581 2623 717 2712 vestigia
738 2623 847 2690 festivi
868 2623 1008 2711 ingenii,
1031 2623 1119 2714 quod
1139 2625 1250 2692 statim
1271 2623 1319 2690 de-

228 2728 421 2833 clarahimus
442 2726 519 2795 huie
540 2727 693 2819 praeconi
715 2723 759 2791 ub¹
778 2724 932 2815 Aeschyli
952 2728 1110 2796 tributum
1133 2751 1215 2796 esse.

314 2882 344 2924 v.
368 2855 443 2922 416.
487 2845 561 2916 Kal
583 2847 657 2936 γὰρ
679 2839 748 2916 odo
769 2847 900 2936 πρέπει
921 2863 978 2937 Tg.
1000 2875 1179 2924 uacuum:
1208 2857 1320 2937 „donn

227 2987 262 3030 es
284 2961 384 3026 ziemt
404 2955 473 3023 sich
495 2957 526 3046 je
550 2955 650 3034 doch,
673 2954 713 3019 da
730 2977 764 3020 er
787 2955 876 3037 cet.”,
899 2956 983 3024 sive:
1009 2957 1123 3040 „deon
1146 2982 1181 3026 es
1195 2957 1238 3025 ist
1251 2982 1320 3024 nun

227 3065 310 3134 doeh
326 3059 447 3130 einmal
462 3081 499 3124 so
516 3055 693 3124 schieklich
707 3058 778 3122 -”.
814 3055 911 3144 Quod
925 3084 987 3129 nec
999 3059 1135 3131 Vossius
1151 3086 1213 3130 nee
1223 3063 1319 3130 llum-

225 3167 368 3240 boldtius
390 3172 583 3254 expressunt
603 3161 767 3230 vertendo.
811 3160 868 3229 Sic
890 3160 929 3229 od
949 3160 1014 3250 γὰρ
1035 3155 1094 3230 οὖν
1115 3165 1217 3256 Soph.
1240 3167 1319 3234 Oed-

225 3275 263 3342 (h
287 3271 362 3340 980.
386 3279 419 3340 el
439 3267 559 3335 Herod.
582 3263 640 3334 lX.
662 3267 716 3334 96.
739 3301 783 3314 -
810 3261 901 3344 Διὸς
927 3263 1124 3357 μάκελλα,
1151 3271 1271 3341 Suidos
1293 3296 1319 3338 v.

222 3367 376 3464 μάκελλα.

309 3521 338 3568 ν,
362 3493 435 3562 419.
480 3483 603 3575 Βωμοῖ
625 3485 656 3554 d'
680 3479 810 3556 discos
831 3531 874 3544 -
897 3487 1107 3580 ἱδρύμαπαε
1130 3493 1220 3564 PerS.
1244 3497 1317 3562 8ll.

223 3593 324 3684 liuponi
350 3595 375 3662 d'
405 3587 508 3660 dteroa
534 3587 695 3678 torpidum
720 3593 752 3672 θ’
782 3593 946 3686 ἱδρύματα.
995 3598 1079 3665 Hinc
1110 3597 1186 3662 illae
1220 3599 1318 3690 lacry-

223 3705 311 3772 mae!
333 3739 378 3752 -
405 3696 546 3784 σπέρμα,
563 3699 688 3789 pmice.

311 3855 341 3899 v.
364 3827 439 3896 424.
455 3851 504 3917 sq.
539 3820 661 3912 Πάρις
680 3821 755 3914 γὰρ
777 3819 863 3894 οὔτε
883 3817 1048 3903 συνελὴς
1068 3817 1180 3902 πόλις
1200 3807 1316 3912 ’ligeth
1380 3815 1381 3830 ¹

223 3958 334 4016 χεπαι
351 3971 407 3995 -.
452 3931 590 4002 Constat
610 3934 743 4023 quidem
764 3933 970 4022 negationem
993 3931 1046 4012 (ut
1066 3921 1139 4017 elis)
1160 3934 1196 4000 in
1217 3936 1316 4006 altero

149 4123 153 4130 ,
223 4041 370 4110 membro
386 4036 550 4105 omissum
570 4037 703 4127 reperiri
727 4035 837 4104 multis
859 4034 948 4113 locis,
972 4042 1005 4100 et
1026 4039 1234 4125 negationem
1250 4039 1316 4130 qui-

59 4161 62 4168 '
173 4215 180 4231 ,
225 4149 300 4214 dem
323 4141 470 4231 Choeph.
492 4140 583 4222 292,
606 4137 775 4228 Sophtl'p
798 4140 873 4206 239.
896 4139 987 4218 760„
1011 4139 1092 4210 Oed.
1116 4142 1187 4213 Cet.
1212 4143 1315 4222 1553„

226 4249 365 4319 Philoct.
388 4249 478 4330 770„
500 4245 577 4314 Eur.
600 4241 716 4312 'freed
741 4240 831 4324 481,
854 4240 948 4312 Pind.
971 4242 1065 4338 Pyth.
1087 4246 1129 4316 X.
1151 4247 1217 4332 tos
1232 4244 1317 4340 quod
