2778 4844
236 233 292 313 111
307 234 545 314 msonrnr
560 231 983 317 tormentuosum.
1071 241 1162 342 Ι111

59 451 93 520 p.
117 430 193 498 937.
215 421 333 516 ξίμμοι
354 426 496 516 λάβεσθε
517 433 549 513 (e
570 434 690 524 poita).
735 429 880 524 Τιθίαες
904 433 1099 502 1111111111
1115 437 1161 502 ad

59 528 169 617 δρόσοι
192 535 329 618 reseras,
356 561 468 603 verum
496 537 595 605 etiam
622 537 663 603 ad
690 533 777 610 σίνος
799 530 998 618 inopiniam.
1042 538 1163 606 Obver-

58 648 168 704 satum
191 643 306 728 potitae
328 641 542 708 masculinum
565 663 682 730 genus,
715 641 803 730 quod
831 640 866 706 in
894 640 1054 729 ejusmodi
1081 639 1161 710 locis

57 740 251 831 saepissime
273 741 416 809 Homero
439 744 569 825 accidit,
599 743 632 808 in
655 743 784 834 plurali
800 753 870 810 turn
893 743 1036 808 maxime
1059 766 1161 834 genus

57 843 194 910 maseul.
223 868 282 934 pro
312 846 422 912 semin.
444 845 621 938 usurpanti.
668 848 760 932 Quae
788 845 927 913 ex·aliis
948 845 1161 935 scriptoribus

57 947 199 1015 citantur
221 951 291 1037 ejus
313 949 359 1016 rei
383 951 547 1040 exempla,
580 972 618 1016 ea
640 973 719 1016 sane
741 957 817 1014 sunt
839 947 1054 1016 diversissima
1076 948 1162 1017 inter

55 1075 105 1132 se,
130 1051 282 1142 pleraque
304 1063 414 1119 autern
431 1052 471 1117 ad
488 1063 662 1119 construet.
682 1043 809 1115 κατὰτὸ
825 1043 994 1132 νοούμενον
1012 1054 1159 1132 redeunt,
1272 1050 1276 1068 ’

55 1155 160 1221 etiam
185 1155 276 1218 Pind.
300 1155 351 1221 ol.
376 1154 432 1220 Vl.
455 1157 509 1222 93.
554 1152 656 1220 Virile
678 1176 756 1222 vero
778 1151 946 1241 ingenium
967 1156 1075 1244 prodit
1088 1157 1159 1239 Ele·

54 1267 127 1324 ctru
138 1257 311 1346 Sophoclis
329 1257 494 1339 (Ε1399.)
516 1247 967 1338 ξοανοῦμεὲ-νιμοροῦμενοί
978 1255 1030 1322 cll.
1042 1256 1159 1325 Aesch.

51 1361 156 1426 Eum.
179 1359 255 1425 947.
272 1397 315 1408 -
338 1359 492 1426 Ceterum
515 1350 684 1442 ίνβηρον
704 1356 835 1442 ερίχαε
858 1358 958 1449 Soph.
975 1359 1158 1444 Phileto,

52 1461 174 1546 (Rhes
198 1461 296 1542 999),
320 1463 372 1550 Aj.
396 1463 491 1528 1196.
514 1456 559 1514 ’-
579 1461 676 1527 Β11111.
699 1460 796 1530 scribi
818 1461 910 1548 jubet
931 1458 1097 1543 λειμωνίας
1118 1465 1159 1530 ci.

51 1577 133 1633 tuns
156 1573 273 1631 testem
297 1562 403 1630 Strab.
418 1564 508 1646 lot,
533 1554 665 1647 ἔμπεδον
685 1563 868 1658 induereris
888 1563 984 1632 vortit
1006 1575 1040 1634 ct
1060 1562 1160 1640 νιρίν-

52 1693 116 1747 1ες,
139 1668 241 1756 quoti
261 1665 408 1734 dixisset
427 1661 539 1752 darei.

146 1795 176 1837 v.
200 1771 273 1837 461.
319 1763 542 1856 (παροίχεται)
575 1763 616 1835 rd
635 1758 779 1860 μήποτ’
808 1755 926 1845 adm
952 1768 1039 1855 μηδ’
1063 1767 1157 1837 doa-

54 1875 197 1952 σεῆναι
218 1871 363 1956 μέλειν·
386 1872 498 1941 Voss:
522 1874 616 1956 „dass
637 1873 752 1940 keincr
773 1874 888 1962 jemals
905 1875 1028 1944 wieder
1050 1879 1159 1944 aulau-

52 1977 153 2044 stclm
175 1976 355 2064 verlangt”;
377 1975 527 2043 similiter
548 1973 790 2056 Humboldtius,
814 1986 849 2042 et
867 1976 988 2043 Blomi.
1007 1992 1160 2067 practer·-

51 2081 96 2147 iit
119 2079 175 2146 νεῖ
193 2079 392 2167 remegaudi
413 2079 638 2148 desiderium,
669 2075 767 2144 Both.
789 2081 873 2168 eonj.
888 2076 1070 2163 οαροίχααι
1084 2070 1162 2146 ὄέὗ

52 2186 136 2246 ναῖοι
157 2176 284 2264 pln—
289 2183 536 2273 praeteriitque
554 2181 731 2272 gaudium,
753 2191 787 2249 et
807 2183 997 2274 particulam
1018 2178 1080 2268 pin
1101 2209 1160 2275 per

52 2311 99 2352 se,
115 2285 234 2352 dietam
256 2299 359 2378 putat.
375 2325 418 2338 -
440 2286 526 2353 Novi
548 2285 700 2374 equidem
722 2284 926 2372 frequentem
947 2287 1159 2372 negationum

52 2387 306 2469 abundantiam,
339 2389 515 2476 multisque
543 2411 616 2453 eam
649 2385 731 2452 loeis
759 2384 841 2451 adeo
869 2386 1088 2477 importunam
1123 2401 1160 2457 ut

51 2490 159 2581 Soph.
182 2491 293 2576 Autig.
315 2491 348 2556 3.
371 2490 413 2568 4.,
436 2486 551 2552 Trach.
570 2489 677 2566 1010,
699 2486 784 2552 Phil.
799 2488 886 2566 414,
909 2488 1025 2557 Trach.
1049 2492 1158 2570 1047,

52 2595 140 2661 Oed.
165 2592 205 2657 T.
225 2593 299 2657 937.
327 2592 379 2679 Aj.
404 2590 501 2657 1178.
523 2588 580 2670 al.;
608 2609 720 2654 verum
742 2586 854 2651 nescio
883 2609 924 2651 an
947 2588 978 2654 h.
1000 2588 1022 2652 l.
1046 2591 1159 2657 articu-

49 2699 108 2764 lus
137 2686 172 2756 εό
199 2693 244 2760 sit
265 2694 424 2762 Accusata
444 2702 479 2760 et
505 2690 713 2756 hicsensus:
747 2697 918 2779 propterea
947 2689 1036 2779 quod
1061 2713 1159 2758 nemo
1269 2703 1272 2708 “
1343 2675 1347 2679 ’

50 2802 175 2867 iterum
198 2819 242 2863 ne
264 2796 383 2886 cogitat
405 2796 737 2888 quidemresurgere.
759 2829 803 2840 -
835 2791 928 2879 Quid
949 2793 1082 2882 (igitur)
1103 2794 1160 2862 de.

44 2903 250 2992 srmcmrom
270 2899 422 2966 rationes
442 2897 632 2966 enarrare?
662 2894 838 2964 Viventcm
855 2917 934 2962 vero
956 2895 1046 2981 (hine
1060 2920 1158 2988 supra
1186 2936 1187 2942 κ

53 3028 77 3069 ν.
98 2998 172 3088 μὲν
193 3006 299 3086 νεᾶν.)
327 3015 460 3092 oportet
487 3001 603 3090 digere
630 2997 793 3066 deserte
819 2999 987 3086 (iterum)
1016 3000 1160 3093 infeste,

54 3119 162 3194 atque
189 3105 423 3194 maximopere
440 3102 595 3195 fortuna
623 3099 790 3168 delectori
816 3125 902 3192 opus
927 3125 1002 3170 esse
1030 3127 1158 3172 censeo.

53 3210 152 3276 Both.
171 3210 273 3274 immo
296 3208 420 3296 dignas
441 3207 509 3274 has
528 3206 691 3294 fortunas
712 3227 848 3282 censeo,
878 3207 999 3294 quibus
1020 3208 1160 3274 multum

58 3315 232 3380 laeterorrr.
276 3310 341 3376 Pro
368 3314 542 3393 ξυμφοραῖς
568 3306 689 3374 Bloml.
718 3306 842 3372 mavult
863 3299 1050 3388 ξυμφορὰς,
1071 3311 1159 3397 quod

57 3417 191 3482 minime
212 3411 427 3506 probandum.
471 3411 515 3476 Et
530 3407 678 3499 quamvis
691 3418 819 3474 constet
830 3403 954 3490 χαίρειν
968 3407 1068 3474 etiam
1083 3434 1159 3478 eum

57 3519 204 3586 Accusat
227 3516 331 3606 jungi,
353 3525 464 3583 tamen
479 3511 600 3579 Blomf.
622 3509 771 3600 exempla
794 3529 909 3601 parum
923 3509 1040 3578 idonea
1056 3515 1159 3596 affert,

57 3645 131 3688 curn
158 3617 264 3703 λέγειν
290 3643 315 3694 s,
343 3613 481 3682 κελεύειν
500 3607 603 3679 πολλὰ
623 3607 748 3696 χαίρειν
768 3603 839 3678 τινά
866 3613 959 3680 aliter
986 3614 1030 3681 sit
1058 3618 1158 3707 expli·

58 3725 207 3791 eandum.
252 3722 339 3790 Tum
360 3719 655 3810 interpunctionem
670 3716 762 3804 ¹vulg·
786 3707 965 3808 paululum
978 3718 1159 3798 immutavi·

59 3851 141 3906 mus,
164 3848 274 3907 sensu,
298 3849 396 3915 quem
411 3821 631 3914 exposuimus,
647 3821 843 3910 postulante.
881 3819 966 3885 Nam
977 3821 1067 3908 vulg.
1084 3833 1160 3911 post

59 3927 163 4012 λέγειν
191 3952 318 3995 comma
347 3939 381 3994 et
411 3939 487 4015 post
518 3915 711 4006 παλιγκότου
743 3921 1003 4012 interrogationis
1024 3924 1159 4010 siguum

60 4035 199 4123 ponitur.
245 4032 330 4098 Cum
352 4030 447 4096 nobis
469 4029 547 4095 fucit
567 4023 760 4090 Scholiasta.

148 4161 178 4203 v.
201 4137 277 4202 470.
322 4135 427 4206 θεοῖς
448 4123 612 4210 λάφυρα.
651 4127 753 4193 Antea
777 4151 806 4194 v.
823 4129 897 4195 465.
921 4126 1059 4192 Dallvus
1075 4121 1159 4209 ἡμῖν,

64 4237 153 4318 „bei
175 4237 283 4322 uns,”
305 4235 373 4302 hoc.
390 4243 499 4302 autern
520 4234 593 4304 loco
615 4229 699 4298 Dat..
715 4235 816 4310 scote,
844 4252 943 4322 quem
965 4226 1020 4294 alii
1043 4229 1159 4298 mutari

909 4347 939 4412 K
