2778 4844
220 213 290 288 na
357 194 361 212 ’
561 153 976 290 communimus

220 431 253 500 p.
268 403 388 474 xttx.
401 401 512 474 vertite
536 403 626 488 „lilii
647 427 745 496 super
767 415 930 500 parentes,
953 413 1228 496 parentes‘super
1245 405 1326 474 fibo

221 510 326 591 atrati,
348 507 441 601 pueri
462 531 560 600 super
580 509 706 576 senes-’⁹

225 669 229 678 ,
309 637 340 680 v·
363 613 441 681 277.
461 635 533 700 sqq.
571 602 1325 696 Τοὺς-πόνοςΝῆσηςπρόςᾶρίστοι-

222 739 287 782 ocu
307 704 358 780 alu
379 705 461 792 ἔχει
481 706 591 788 πόλις
617 709 734 781 οὐδὲν
762 712 803 778 ἐν
829 711 938 799 μέρει
964 706 1185 799 τεκμήριον.
1232 709 1329 789 Πόνος

222 819 326 899 νῆστις
348 829 382 887 et
402 815 521 886 similla
544 817 588 898 (v.
611 817 686 886 151.
708 818 785 886 838.
811 819 935 904 1388),
959 816 996 884 ἐκ
1016 812 1126 904 μάχης
1146 822 1246 910 (post
1268 820 1327 888 bel·

222 923 307 990 lum:
331 921 371 990 el.
393 920 429 990 S.
452 920 527 986 Aut.
551 921 624 990 153.
649 943 681 988 n.
704 921 815 1004 Wex.)
838 945 905 990 non
929 933 1027 1011 egent
1049 923 1273 1014 explicatione
1288 957 1328 974 -

222 1015 267 1090 do
289 1016 355 1102 ἔχει
376 1017 463 1097 πόλις
488 1021 637 1092 videntur
664 1025 769 1093 otiosa
799 1025 863 1094 nisi
886 1049 926 1094 eo
952 1025 1136 1094 referuntur
1156 1027 1325 1118 sequeutia

222 1121 297 1212 πρὸς
310 1122 405 1193 oddlu
419 1125 454 1192 dv
466 1121 553 1210 μέρει
567 1151 669 1212 canpe,
691 1151 929 1221 „quamuuquc
947 1129 981 1196 in
997 1130 1077 1198 urbe
1092 1129 1229 1199 inventa
1243 1141 1324 1206 strat,

222 1233 422 1323 promiscue,
450 1230 539 1298 nulla
562 1229 787 1300 distributione
815 1233 991 1314 instituta,”
1031 1233 1151 1316 „stellt
1173 1235 1225 1302 sie
1246 1232 1324 1300 naeb

222 1335 353 1404 lueinem
382 1359 444 1403 nur
471 1335 534 1404 mit
559 1333 647 1404 ihrer
675 1335 918 1426 Wecbsellolge
945 1337 1184 1406 entstebenden
1214 1336 1321 1406 Wabr-

222 1439 392 1534 acieben,”
420 1437 598 1508 Bernhard.
628 1439 684 1508 W.
706 1439 741 1508 S.
770 1464 800 1529 p.
824 1439 900 1510 too.
945 1441 1040 1508 Conl.
1068 1441 1151 1509 inlra
1175 1467 1208 1510 v.
1233 1441 1324 1508 1330.

222 1543 555 1614 Animadvertendum
577 1554 657 1635 puto
675 1543 872 1634 Aeschylum
894 1545 941 1613 rei
963 1545 1199 1614 describendae
1222 1543 1321 1614 vivida
1374 1557 1375 1612 t

222 1646 364 1736 imagine
387 1647 497 1713 animo
520 1646 711 1716 obversante
732 1647 902 1714 incensum
915 1649 1097 1716 orationem
1112 1649 1161 1716 rei
1180 1669 1319 1718 accomo-

222 1749 317 1832 dare,
348 1758 380 1816 et
401 1750 436 1815 in
459 1749 677 1842 descriptione
699 1750 841 1816 maxime
864 1750 996 1838 quidem
1019 1777 1204 1844 pugnarum
1228 1760 1318 1842 gesta·

222 1876 295 1920 rum
317 1851 511 1943 urbiumque
528 1863 709 1946 captarum3
732 1853 765 1921 id
787 1853 875 1944 quod
898 1853 930 1920 in
949 1852 1038 1922 Pers.
1061 1867 1095 1924 et
1109 1855 1204 1948 Sept.
1222 1881 1250 1923 c.
1264 1852 1319 1920 'llo

223 1955 372 2050 exempla
395 1958 513 2024 docent
534 1956 680 2026 locorum
695 1981 774 2025 sanc
789 1957 1066 2026 constructionum
1082 1960 1319 2052 perturbatioue

223 2072 257 2128 et
278 2061 486 2151 grammatica
510 2063 649 2151 quadarn
672 2061 863 2130 contusione
885 2060 1087 2128 notabilium.

311 2187 342 2232 v.
364 2163 439 2230 283.
484 2161 533 2238 ὡς
559 2162 836 2248 ὁυςδαίμονεςε
873 2165 901 2231 si
930 2167 970 2231 ad
999 2165 1227 2234 antecedentia
1250 2163 1318 2232 rele-

223 2279 346 2350 cuntur,
370 2266 451 2336 haee
468 2266 541 2334 lerri
557 2279 704 2361 possunt.
742 2267 955 2337 lllemorabilc
970 2280 1078 2335 autem
1095 2282 1173 2360 quot
1192 2270 1273 2340 locis
1285 2263 1320 2338 ais

223 2383 409 2464 corruptum
432 2371 589 2456 videatur,
611 2385 649 2441 ut
665 2374 738 2440 loct.
761 2371 791 2436 οἱ
815 2367 1019 2457 ὃυςδαίμονες
1042 2385 1097 2440 aut
1177 2372 1237 2459 ὥς,
1259 2377 1319 2442 dve-

222 2472 380 2562 δαίμονες,
395 2478 471 2560 „die
485 2476 834 2568 Ungliicklicbenl”-
858 2478 1026 2569 Alioquin:
1042 2488 1078 2543 ut
1090 2477 1183 2568 plebs
1197 2500 1304 2570 egena.
1373 2527 1374 2535 1

312 2605 343 2651 v.
365 2581 441 2651 285.
485 2580 527 2646 Εἰ
547 2578 581 2648 δ’
605 2579 817 2668 εὐσεβοῦσι
833 2608 891 2648 -:
914 2583 945 2650 si
961 2581 1021 2673 pie
1042 2581 1157 2650 colrmt
1178 2583 1319 2650 deosne·

223 2685 276 2754 tis
292 2686 472 2778 praesides
488 2702 677 2780 compertae
690 2701 817 2766 terroe,
838 2689 1041 2777 deorumque
1060 2684 1218 2764 delendum,
1239 2693 1322 2752 cerae

223 2813 291 2858 uon
313 2791 540 2878 quurm'outeo
563 2793 713 2883 ceperint
733 2792 807 2859 viee
828 2814 930 2858 uersa
951 2791 1146 2878 cupiantur.
1197 2791 1321 2857 Caven-

223 2895 303 2959 dum
333 2905 447 2958 outem
474 2915 518 2959 ne
545 2917 616 2982 qna
644 2895 816 2984 cupiditas
839 2894 937 2982 prius
964 2893 1111 2962 inundat
1139 2893 1323 2961 exercitum

223 3008 261 3062 ot
282 2994 425 3084 cupiant
447 3017 537 3082 qrtoe
558 3019 625 3064 uon
647 3000 759 3075 decet,
781 2997 867 3064 lucri
889 2984 999 3064 aridio
1022 2997 1136 3088 copti:
1163 3019 1247 3086 opus
1269 3011 1323 3061 eoa
1372 2999 1373 3002 ’

223 3109 276 3168 cot
297 3098 384 3165 enim
406 3100 458 3166 od
468 3099 615 3191 selicmu
637 3101 780 3169 reditum
807 3101 843 3166 in
861 3099 1020 3188 proiciunt
1047 3102 1153 3170 etium
1181 3102 1323 3170 ulter-um
1372 3105 1373 3132 ³

222 3203 335 3272 eliardi
362 3203 512 3296 spolium
540 3205 726 3272 demerccre.
778 3205 878 3272 Recte
910 3203 1085 3272 Hermann.
1119 3230 1152 3272 n.
1183 3206 1224 3270 ad
1255 3201 1321 3288 vig.

224 3335 254 3404 p·
278 3310 352 3378 815.
376 3304 436 3375 οὐκ
458 3299 501 3374 du
521 3306 551 3397 γ’
576 3306 694 3384 ἑλόντες
715 3299 813 3385 αὗᾷις
834 3303 1009 3384 άνβιίλοιεν
1030 3301 1084 3391 ἄν,
1106 3310 1196 3402 prius
1218 3299 1262 3372 clv
1283 3304 1322 3370 di·

223 3415 267 3480 eit
289 3437 354 3480 non
378 3418 540 3507 pertinere
562 3415 602 3484 ad
626 3411 752 3495 ἑλόντες,
773 3416 832 3484 sed
855 3416 895 3483 ad
917 3411 977 3480 οὐκ
993 3404 1105 3489 adare:
1127 3437 1194 3480 non
1207 3408 1323 3502 socilo

223 3515 371 3584 vicissim
404 3520 551 3587 victores
583 3522 674 3589 vinci
703 3533 873 3608 proterunt.
918 3519 1008 3586 ldem
1044 3519 1084 3583 do
1117 3506 1160 3578 dio
1187 3543 1227 3602 pc
1262 3513 1321 3583 ibd·

223 3645 255 3710 p.
278 3620 353 3686 825.
400 3621 480 3686 lllibi
502 3643 578 3689 vero
602 3622 664 3686 boc
685 3645 725 3703 γε
746 3622 779 3684 in
801 3622 853 3686 bis
875 3621 1035 3686 similibus
1058 3618 1179 3684 ironice
1202 3621 1323 3687 dietum

223 3722 360 3804 videtur,
383 3732 419 3790 ut
442 3723 518 3790 alibi
541 3735 616 3790 ante
638 3713 680 3784 ἂν
702 3722 844 3811 positum
867 3733 901 3788 et
924 3720 1169 3788 indictionibus
1192 3727 1322 3814 quidem
1371 3719 1372 3798 s

224 3825 329 3918 qualis
351 3825 457 3900 nimie
482 3822 511 3912 γ’
535 3815 587 3890 du.
630 3827 689 3894 Est
716 3836 825 3892 atatem
854 3824 935 3892 illud
964 3825 1097 3892 omuino
1125 3827 1322 3898 arrimadver-
1371 3827 1372 3872 t

207 3931 373 4020 lendum.
405 3955 463 4022 per
491 3941 594 3998 totum
616 3933 894 4022 Agamemnonem
917 3931 1023 3997 solere
1046 3930 1321 4020 Clytaemnestrac

224 4039 404 4104 orationem
439 4035 649 4104 acerbitatem
676 4061 826 4126 maguam
856 4035 1058 4126 ironiamque
1088 4039 1220 4129 spirare.
1271 4032 1319 4100 Cl-

225 4152 290 4207 not.
316 4165 347 4206 n.
371 4141 411 4207 ad
435 4165 464 4207 v.
487 4142 570 4208 lta-2
593 4165 630 4233 sq
680 4141 940 4230 Agitatur·enim
965 4141 1075 4230 regina
1098 4143 1185 4212 filiae
1208 4149 1319 4208 macta·

224 4255 277 4312 tae
300 4245 465 4316 doloribus
481 4245 735 4337 Agamemnone,
758 4245 867 4315 caedis
883 4257 1014 4317 auclore
1029 4258 1199 4340 praesenta
1220 4241 1318 4316 redin·
1370 4269 1371 4334 t
